Symbol,ISIN,Trade Date,Exchange,Segment,Series,Trade Type,Auction,Quantity,Price,Trade ID,Order ID,Order Execution Time
GULFOILLUB,INE635Q01029,2024-10-23,NSE,EQ,EQ,buy,FALSE,6,1198.9,208054674,1100000051849836,2024-10-23T13:30:35
GULFOILLUB,INE635Q01029,2024-10-23,NSE,EQ,EQ,buy,FALSE,6,1198.85,208054673,1100000051849836,2024-10-23T13:30:35
GULFOILLUB,INE635Q01029,2024-10-23,NSE,EQ,EQ,buy,FALSE,1,1198.9,208054675,1100000051849836,2024-10-23T13:30:35
GULFOILLUB,INE635Q01029,2024-10-23,NSE,EQ,EQ,buy,FALSE,3,1198.95,208054676,1100000051849836,2024-10-23T13:30:35
IIFLSEC,INE489L01022,2024-10-23,NSE,EQ,EQ,buy,FALSE,1,384.55,208054691,1100000051850051,2024-10-23T13:30:35
IIFLSEC,INE489L01022,2024-10-23,NSE,EQ,EQ,buy,FALSE,27,384.55,208054692,1100000051850051,2024-10-23T13:30:35
IIFLSEC,INE489L01022,2024-10-23,NSE,EQ,EQ,buy,FALSE,9,384.55,208054693,1100000051850051,2024-10-23T13:30:35
IIFLSEC,INE489L01022,2024-10-23,NSE,EQ,EQ,buy,FALSE,1,384.55,208054694,1100000051850051,2024-10-23T13:30:35
IIFLSEC,INE489L01022,2024-10-23,NSE,EQ,EQ,buy,FALSE,34,384.55,208054695,1100000051850051,2024-10-23T13:30:35
IIFLSEC,INE489L01022,2024-10-23,NSE,EQ,EQ,buy,FALSE,9,384.55,208054696,1100000051850051,2024-10-23T13:30:35
IIFLSEC,INE489L01022,2024-10-23,NSE,EQ,EQ,buy,FALSE,1,384.55,208054697,1100000051850051,2024-10-23T13:30:35
IIFLSEC,INE489L01022,2024-10-23,NSE,EQ,EQ,buy,FALSE,8,384.55,208054698,1100000051850051,2024-10-23T13:30:35
IIFLSEC,INE489L01022,2024-10-23,NSE,EQ,EQ,buy,FALSE,1,384.55,208054699,1100000051850051,2024-10-23T13:30:35
IIFLSEC,INE489L01022,2024-10-23,NSE,EQ,EQ,buy,FALSE,8,384.55,208054700,1100000051850051,2024-10-23T13:30:35
GRANULES,INE101D01020,2024-10-23,NSE,EQ,EQ,buy,FALSE,4,569.5,208054774,1100000051850675,2024-10-23T13:30:35
GRANULES,INE101D01020,2024-10-23,NSE,EQ,EQ,buy,FALSE,10,569.5,208054775,1100000051850675,2024-10-23T13:30:35
GRANULES,INE101D01020,2024-10-23,NSE,EQ,EQ,buy,FALSE,29,569.5,208054776,1100000051850675,2024-10-23T13:30:35
GRANULES,INE101D01020,2024-10-23,NSE,EQ,EQ,buy,FALSE,31,569.5,208054777,1100000051850675,2024-10-23T13:30:35
GULFOILLUB,INE635Q01029,2024-10-23,NSE,EQ,EQ,buy,FALSE,1,1198.15,208054666,1100000051849836,2024-10-23T13:30:35
GULFOILLUB,INE635Q01029,2024-10-23,NSE,EQ,EQ,buy,FALSE,1,1198.15,208054667,1100000051849836,2024-10-23T13:30:35
GULFOILLUB,INE635Q01029,2024-10-23,NSE,EQ,EQ,buy,FALSE,1,1198.15,208054668,1100000051849836,2024-10-23T13:30:35
GULFOILLUB,INE635Q01029,2024-10-23,NSE,EQ,EQ,buy,FALSE,4,1198.15,208054669,1100000051849836,2024-10-23T13:30:35
GULFOILLUB,INE635Q01029,2024-10-23,NSE,EQ,EQ,buy,FALSE,2,1198.75,208054670,1100000051849836,2024-10-23T13:30:35
GULFOILLUB,INE635Q01029,2024-10-23,NSE,EQ,EQ,buy,FALSE,1,1198.8,208054671,1100000051849836,2024-10-23T13:30:35
GULFOILLUB,INE635Q01029,2024-10-23,NSE,EQ,EQ,buy,FALSE,6,1198.8,208054672,1100000051849836,2024-10-23T13:30:35
APARINDS,INE372A01015,2024-10-23,NSE,EQ,EQ,buy,FALSE,4,9889.5,6174261,1000000045750748,2024-10-23T13:30:35
GULFOILLUB,INE635Q01029,2024-10-23,NSE,EQ,EQ,buy,FALSE,1,1198.15,208054664,1100000051849836,2024-10-23T13:30:35
GULFOILLUB,INE635Q01029,2024-10-23,NSE,EQ,EQ,buy,FALSE,1,1198.15,208054665,1100000051849836,2024-10-23T13:30:35
POWERGRID,INE752E01010,2024-10-23,NSE,EQ,EQ,buy,FALSE,133,319.75,408767502,1200000057761801,2024-10-23T13:30:36
NIFTYBEES,INF204KB14I2,2024-10-23,NSE,EQ,EQ,buy,FALSE,12,274.2,408767582,1200000057762151,2024-10-23T13:30:36
GRAVITA,INE024L01027,2024-10-23,NSE,EQ,EQ,buy,FALSE,9,2158.3,208054820,1100000051851087,2024-10-23T13:30:36
GRAVITA,INE024L01027,2024-10-23,NSE,EQ,EQ,buy,FALSE,8,2158.35,208054821,1100000051851087,2024-10-23T13:30:36
GULFOILLUB,INE635Q01029,2024-10-23,NSE,EQ,EQ,buy,FALSE,1,1199.65,208071696,1100000051964438,2024-10-23T13:31:25
GULFOILLUB,INE635Q01029,2024-10-23,NSE,EQ,EQ,buy,FALSE,4,1199.7,208071697,1100000051964438,2024-10-23T13:31:25
GULFOILLUB,INE635Q01029,2024-10-23,NSE,EQ,EQ,buy,FALSE,6,1199.8,208071698,1100000051964438,2024-10-23T13:31:25
GULFOILLUB,INE635Q01029,2024-10-23,NSE,EQ,EQ,buy,FALSE,8,1199.85,208071699,1100000051964438,2024-10-23T13:31:25
GULFOILLUB,INE635Q01029,2024-10-23,NSE,EQ,EQ,buy,FALSE,6,1199.9,208071700,1100000051964438,2024-10-23T13:31:25
GULFOILLUB,INE635Q01029,2024-10-23,NSE,EQ,EQ,buy,FALSE,9,1199.95,208071701,1100000051964438,2024-10-23T13:31:25
IIFLSEC,INE489L01022,2024-10-23,NSE,EQ,EQ,buy,FALSE,1,384.45,208071753,1100000051964946,2024-10-23T13:31:25
IIFLSEC,INE489L01022,2024-10-23,NSE,EQ,EQ,buy,FALSE,9,384.45,208071754,1100000051964946,2024-10-23T13:31:25
IIFLSEC,INE489L01022,2024-10-23,NSE,EQ,EQ,buy,FALSE,5,384.45,208071755,1100000051964946,2024-10-23T13:31:25
IIFLSEC,INE489L01022,2024-10-23,NSE,EQ,EQ,buy,FALSE,9,384.5,208071756,1100000051964946,2024-10-23T13:31:25
IIFLSEC,INE489L01022,2024-10-23,NSE,EQ,EQ,buy,FALSE,1,384.5,208071757,1100000051964946,2024-10-23T13:31:25
IIFLSEC,INE489L01022,2024-10-23,NSE,EQ,EQ,buy,FALSE,74,384.5,208071758,1100000051964946,2024-10-23T13:31:25
GRANULES,INE101D01020,2024-10-23,NSE,EQ,EQ,buy,FALSE,1,569.75,208071871,1100000051965821,2024-10-23T13:31:25
GRANULES,INE101D01020,2024-10-23,NSE,EQ,EQ,buy,FALSE,1,569.75,208071872,1100000051965821,2024-10-23T13:31:25
GRANULES,INE101D01020,2024-10-23,NSE,EQ,EQ,buy,FALSE,10,569.75,208071873,1100000051965821,2024-10-23T13:31:25
GRANULES,INE101D01020,2024-10-23,NSE,EQ,EQ,buy,FALSE,3,569.8,208071874,1100000051965821,2024-10-23T13:31:25
GRANULES,INE101D01020,2024-10-23,NSE,EQ,EQ,buy,FALSE,24,569.8,208071875,1100000051965821,2024-10-23T13:31:25
GRANULES,INE101D01020,2024-10-23,NSE,EQ,EQ,buy,FALSE,3,569.8,208071876,1100000051965821,2024-10-23T13:31:25
GRANULES,INE101D01020,2024-10-23,NSE,EQ,EQ,buy,FALSE,24,569.8,208071877,1100000051965821,2024-10-23T13:31:25
GRANULES,INE101D01020,2024-10-23,NSE,EQ,EQ,buy,FALSE,3,569.8,208071878,1100000051965821,2024-10-23T13:31:25
GRANULES,INE101D01020,2024-10-23,NSE,EQ,EQ,buy,FALSE,5,569.8,208071879,1100000051965821,2024-10-23T13:31:25
GRAVITA,INE024L01027,2024-10-23,NSE,EQ,EQ,buy,FALSE,17,2160,208071903,1100000051966041,2024-10-23T13:31:25
APARINDS,INE372A01015,2024-10-23,NSE,EQ,EQ,buy,FALSE,4,9887.95,6187234,1000000045853792,2024-10-23T13:31:25
POWERGRID,INE752E01010,2024-10-23,NSE,EQ,EQ,buy,FALSE,105,319.8,408784972,1200000057885735,2024-10-23T13:31:26
POWERGRID,INE752E01010,2024-10-23,NSE,EQ,EQ,buy,FALSE,28,319.8,408784973,1200000057885735,2024-10-23T13:31:26
NIFTYBEES,INF204KB14I2,2024-10-23,NSE,EQ,EQ,buy,FALSE,12,274.25,408785206,1200000057886350,2024-10-23T13:31:26
GULFOILLUB,INE635Q01029,2024-10-23,NSE,EQ,EQ,buy,FALSE,1,1198.95,208085529,1100000052079302,2024-10-23T13:31:58
GULFOILLUB,INE635Q01029,2024-10-23,NSE,EQ,EQ,buy,FALSE,1,1198.95,208085530,1100000052079302,2024-10-23T13:31:58
GULFOILLUB,INE635Q01029,2024-10-23,NSE,EQ,EQ,buy,FALSE,2,1198.95,208085531,1100000052079302,2024-10-23T13:31:58
GULFOILLUB,INE635Q01029,2024-10-23,NSE,EQ,EQ,buy,FALSE,3,1199.1,208085532,1100000052079302,2024-10-23T13:31:58
GULFOILLUB,INE635Q01029,2024-10-23,NSE,EQ,EQ,buy,FALSE,3,1199.1,208085533,1100000052079302,2024-10-23T13:31:58
GULFOILLUB,INE635Q01029,2024-10-23,NSE,EQ,EQ,buy,FALSE,1,1199.1,208085534,1100000052079302,2024-10-23T13:31:58
GULFOILLUB,INE635Q01029,2024-10-23,NSE,EQ,EQ,buy,FALSE,1,1199.1,208085535,1100000052079302,2024-10-23T13:31:58
GULFOILLUB,INE635Q01029,2024-10-23,NSE,EQ,EQ,buy,FALSE,6,1199.35,208085536,1100000052079302,2024-10-23T13:31:58
GULFOILLUB,INE635Q01029,2024-10-23,NSE,EQ,EQ,buy,FALSE,2,1199.4,208085537,1100000052079302,2024-10-23T13:31:58
GULFOILLUB,INE635Q01029,2024-10-23,NSE,EQ,EQ,buy,FALSE,1,1199.45,208085538,1100000052079302,2024-10-23T13:31:58
GULFOILLUB,INE635Q01029,2024-10-23,NSE,EQ,EQ,buy,FALSE,5,1199.5,208085539,1100000052079302,2024-10-23T13:31:58
GULFOILLUB,INE635Q01029,2024-10-23,NSE,EQ,EQ,buy,FALSE,5,1199.55,208085540,1100000052079302,2024-10-23T13:31:58
GULFOILLUB,INE635Q01029,2024-10-23,NSE,EQ,EQ,buy,FALSE,3,1199.55,208085541,1100000052079302,2024-10-23T13:31:58
IIFLSEC,INE489L01022,2024-10-23,NSE,EQ,EQ,buy,FALSE,7,383.6,208085600,1100000052080010,2024-10-23T13:31:59
IIFLSEC,INE489L01022,2024-10-23,NSE,EQ,EQ,buy,FALSE,1,383.6,208085601,1100000052080010,2024-10-23T13:31:59
IIFLSEC,INE489L01022,2024-10-23,NSE,EQ,EQ,buy,FALSE,24,383.6,208085602,1100000052080010,2024-10-23T13:31:59
GRANULES,INE101D01020,2024-10-23,NSE,EQ,EQ,buy,FALSE,74,569.15,208085659,1100000052080862,2024-10-23T13:31:59
GRAVITA,INE024L01027,2024-10-23,NSE,EQ,EQ,buy,FALSE,10,2158.95,208085757,1100000052081780,2024-10-23T13:31:59
GRAVITA,INE024L01027,2024-10-23,NSE,EQ,EQ,buy,FALSE,1,2158.95,208085758,1100000052081780,2024-10-23T13:31:59
GRAVITA,INE024L01027,2024-10-23,NSE,EQ,EQ,buy,FALSE,6,2159.1,208085759,1100000052081780,2024-10-23T13:31:59
IIFLSEC,INE489L01022,2024-10-23,NSE,EQ,EQ,buy,FALSE,6,383.55,208085594,1100000052080010,2024-10-23T13:31:59
APARINDS,INE372A01015,2024-10-23,NSE,EQ,EQ,buy,FALSE,2,9876.55,6196605,1000000045948110,2024-10-23T13:31:59
IIFLSEC,INE489L01022,2024-10-23,NSE,EQ,EQ,buy,FALSE,6,383.6,208085596,1100000052080010,2024-10-23T13:31:59
IIFLSEC,INE489L01022,2024-10-23,NSE,EQ,EQ,buy,FALSE,1,383.6,208085597,1100000052080010,2024-10-23T13:31:59
IIFLSEC,INE489L01022,2024-10-23,NSE,EQ,EQ,buy,FALSE,7,383.6,208085598,1100000052080010,2024-10-23T13:31:59
IIFLSEC,INE489L01022,2024-10-23,NSE,EQ,EQ,buy,FALSE,1,383.6,208085599,1100000052080010,2024-10-23T13:31:59
APARINDS,INE372A01015,2024-10-23,NSE,EQ,EQ,buy,FALSE,2,9876.55,6196604,1000000045948110,2024-10-23T13:31:59
IIFLSEC,INE489L01022,2024-10-23,NSE,EQ,EQ,buy,FALSE,1,383.5,208085592,1100000052080010,2024-10-23T13:31:59
IIFLSEC,INE489L01022,2024-10-23,NSE,EQ,EQ,buy,FALSE,34,383.55,208085593,1100000052080010,2024-10-23T13:31:59
IIFLSEC,INE489L01022,2024-10-23,NSE,EQ,EQ,buy,FALSE,11,383.55,208085595,1100000052080010,2024-10-23T13:31:59
POWERGRID,INE752E01010,2024-10-23,NSE,EQ,EQ,buy,FALSE,66,319.4,408797532,1200000058003308,2024-10-23T13:32:00
POWERGRID,INE752E01010,2024-10-23,NSE,EQ,EQ,buy,FALSE,67,319.4,408797533,1200000058003308,2024-10-23T13:32:00
NIFTYBEES,INF204KB14I2,2024-10-23,NSE,EQ,EQ,buy,FALSE,12,274.17,408797610,1200000058004251,2024-10-23T13:32:00
M&M,INE101A01026,2024-10-23,NSE,EQ,EQ,buy,FALSE,22,2848,408817438,1200000058194813,2024-10-23T13:33:06
ELECTCAST,INE086A01029,2024-10-23,NSE,EQ,EQ,buy,FALSE,348,171.8,208106478,1100000052244602,2024-10-23T13:33:06
RKFORGE,INE399G01023,2024-10-23,NSE,EQ,EQ,buy,FALSE,3,954.9,607487546,1300000046008556,2024-10-23T13:33:07
NTPC,INE733E01010,2024-10-23,NSE,EQ,EQ,buy,FALSE,157,408.65,408817523,1200000058195788,2024-10-23T13:33:07
SARDAEN,INE385C01021,2024-10-23,NSE,EQ,EQ,buy,FALSE,19,466.8,607487519,1300000046008289,2024-10-23T13:33:07
SARDAEN,INE385C01021,2024-10-23,NSE,EQ,EQ,buy,FALSE,5,466.85,607487520,1300000046008289,2024-10-23T13:33:07
SARDAEN,INE385C01021,2024-10-23,NSE,EQ,EQ,buy,FALSE,2,466.9,607487521,1300000046008289,2024-10-23T13:33:07
SARDAEN,INE385C01021,2024-10-23,NSE,EQ,EQ,buy,FALSE,38,466.9,607487522,1300000046008289,2024-10-23T13:33:07
SARDAEN,INE385C01021,2024-10-23,NSE,EQ,EQ,buy,FALSE,38,466.9,607487523,1300000046008289,2024-10-23T13:33:07
SARDAEN,INE385C01021,2024-10-23,NSE,EQ,EQ,buy,FALSE,18,466.9,607487524,1300000046008289,2024-10-23T13:33:07
SARDAEN,INE385C01021,2024-10-23,NSE,EQ,EQ,buy,FALSE,12,466.9,607487525,1300000046008289,2024-10-23T13:33:07
RKFORGE,INE399G01023,2024-10-23,NSE,EQ,EQ,buy,FALSE,14,954.85,607487545,1300000046008556,2024-10-23T13:33:07
RKFORGE,INE399G01023,2024-10-23,NSE,EQ,EQ,buy,FALSE,1,954.95,607487547,1300000046008556,2024-10-23T13:33:07
RKFORGE,INE399G01023,2024-10-23,NSE,EQ,EQ,buy,FALSE,17,954.95,607487548,1300000046008556,2024-10-23T13:33:07
RKFORGE,INE399G01023,2024-10-23,NSE,EQ,EQ,buy,FALSE,1,954.95,607487549,1300000046008556,2024-10-23T13:33:07
RKFORGE,INE399G01023,2024-10-23,NSE,EQ,EQ,buy,FALSE,1,955,607487550,1300000046008556,2024-10-23T13:33:07
RKFORGE,INE399G01023,2024-10-23,NSE,EQ,EQ,buy,FALSE,1,955,607487551,1300000046008556,2024-10-23T13:33:07
RKFORGE,INE399G01023,2024-10-23,NSE,EQ,EQ,buy,FALSE,9,955,607487552,1300000046008556,2024-10-23T13:33:07
RKFORGE,INE399G01023,2024-10-23,NSE,EQ,EQ,buy,FALSE,18,955.05,607487553,1300000046008556,2024-10-23T13:33:07
TORNTPOWER,INE813H01021,2024-10-23,NSE,EQ,EQ,buy,FALSE,13,1960.2,607487581,1300000046008848,2024-10-23T13:33:07
TORNTPOWER,INE813H01021,2024-10-23,NSE,EQ,EQ,buy,FALSE,12,1960.25,607487582,1300000046008848,2024-10-23T13:33:07
TORNTPOWER,INE813H01021,2024-10-23,NSE,EQ,EQ,buy,FALSE,9,1960.25,607487583,1300000046008848,2024-10-23T13:33:07
M&M,INE101A01026,2024-10-23,NSE,EQ,EQ,buy,FALSE,22,2847.75,408831379,1200000058322845,2024-10-23T13:33:51
NTPC,INE733E01010,2024-10-23,NSE,EQ,EQ,buy,FALSE,157,408.6,408831578,1200000058324983,2024-10-23T13:33:51
SARDAEN,INE385C01021,2024-10-23,NSE,EQ,EQ,buy,FALSE,7,467,607498867,1300000046102616,2024-10-23T13:33:51
SARDAEN,INE385C01021,2024-10-23,NSE,EQ,EQ,buy,FALSE,125,467,607498868,1300000046102616,2024-10-23T13:33:51
ELECTCAST,INE086A01029,2024-10-23,NSE,EQ,EQ,buy,FALSE,108,172.16,208122149,1100000052363030,2024-10-23T13:33:51
ELECTCAST,INE086A01029,2024-10-23,NSE,EQ,EQ,buy,FALSE,163,172.08,208122145,1100000052363030,2024-10-23T13:33:51
ELECTCAST,INE086A01029,2024-10-23,NSE,EQ,EQ,buy,FALSE,23,172.08,208122146,1100000052363030,2024-10-23T13:33:51
ELECTCAST,INE086A01029,2024-10-23,NSE,EQ,EQ,buy,FALSE,50,172.1,208122147,1100000052363030,2024-10-23T13:33:51
ELECTCAST,INE086A01029,2024-10-23,NSE,EQ,EQ,buy,FALSE,4,172.15,208122148,1100000052363030,2024-10-23T13:33:51
RKFORGE,INE399G01023,2024-10-23,NSE,EQ,EQ,buy,FALSE,1,956.75,607498962,1300000046103191,2024-10-23T13:33:52
RKFORGE,INE399G01023,2024-10-23,NSE,EQ,EQ,buy,FALSE,1,956.75,607498963,1300000046103191,2024-10-23T13:33:52
RKFORGE,INE399G01023,2024-10-23,NSE,EQ,EQ,buy,FALSE,1,956.75,607498964,1300000046103191,2024-10-23T13:33:52
RKFORGE,INE399G01023,2024-10-23,NSE,EQ,EQ,buy,FALSE,27,956.8,607498965,1300000046103191,2024-10-23T13:33:52
RKFORGE,INE399G01023,2024-10-23,NSE,EQ,EQ,buy,FALSE,1,956.9,607498966,1300000046103191,2024-10-23T13:33:52
RKFORGE,INE399G01023,2024-10-23,NSE,EQ,EQ,buy,FALSE,11,956.9,607498967,1300000046103191,2024-10-23T13:33:52
RKFORGE,INE399G01023,2024-10-23,NSE,EQ,EQ,buy,FALSE,11,956.9,607498968,1300000046103191,2024-10-23T13:33:52
TORNTPOWER,INE813H01021,2024-10-23,NSE,EQ,EQ,buy,FALSE,1,1960.8,607499007,1300000046103451,2024-10-23T13:33:52
TORNTPOWER,INE813H01021,2024-10-23,NSE,EQ,EQ,buy,FALSE,10,1960.8,607499008,1300000046103451,2024-10-23T13:33:52
TORNTPOWER,INE813H01021,2024-10-23,NSE,EQ,EQ,buy,FALSE,1,1960.8,607499009,1300000046103451,2024-10-23T13:33:52
TORNTPOWER,INE813H01021,2024-10-23,NSE,EQ,EQ,buy,FALSE,1,1960.8,607499011,1300000046103451,2024-10-23T13:33:52
TORNTPOWER,INE813H01021,2024-10-23,NSE,EQ,EQ,buy,FALSE,10,1960.8,607499010,1300000046103451,2024-10-23T13:33:52
TORNTPOWER,INE813H01021,2024-10-23,NSE,EQ,EQ,buy,FALSE,10,1960.8,607499012,1300000046103451,2024-10-23T13:33:52
TORNTPOWER,INE813H01021,2024-10-23,NSE,EQ,EQ,buy,FALSE,1,1960.8,607499013,1300000046103451,2024-10-23T13:33:52
RKFORGE,INE399G01023,2024-10-23,NSE,EQ,EQ,buy,FALSE,12,956.7,607498961,1300000046103191,2024-10-23T13:33:52
SARDAEN,INE385C01021,2024-10-23,NSE,EQ,EQ,buy,FALSE,17,467,607514069,1300000046192970,2024-10-23T13:34:29
SARDAEN,INE385C01021,2024-10-23,NSE,EQ,EQ,buy,FALSE,44,467,607514071,1300000046192970,2024-10-23T13:34:29
RKFORGE,INE399G01023,2024-10-23,NSE,EQ,EQ,buy,FALSE,7,957.85,607514092,1300000046193130,2024-10-23T13:34:29
M&M,INE101A01026,2024-10-23,NSE,EQ,EQ,buy,FALSE,22,2847.1,408848070,1200000058446655,2024-10-23T13:34:29
NTPC,INE733E01010,2024-10-23,NSE,EQ,EQ,buy,FALSE,156,409.2,408848093,1200000058447115,2024-10-23T13:34:29
NTPC,INE733E01010,2024-10-23,NSE,EQ,EQ,buy,FALSE,1,409.2,408848094,1200000058447115,2024-10-23T13:34:29
SARDAEN,INE385C01021,2024-10-23,NSE,EQ,EQ,buy,FALSE,4,467,607514070,1300000046192970,2024-10-23T13:34:29
SARDAEN,INE385C01021,2024-10-23,NSE,EQ,EQ,buy,FALSE,11,467,607514064,1300000046192970,2024-10-23T13:34:29
SARDAEN,INE385C01021,2024-10-23,NSE,EQ,EQ,buy,FALSE,17,467,607514065,1300000046192970,2024-10-23T13:34:29
SARDAEN,INE385C01021,2024-10-23,NSE,EQ,EQ,buy,FALSE,11,467,607514066,1300000046192970,2024-10-23T13:34:29
SARDAEN,INE385C01021,2024-10-23,NSE,EQ,EQ,buy,FALSE,17,467,607514067,1300000046192970,2024-10-23T13:34:29
SARDAEN,INE385C01021,2024-10-23,NSE,EQ,EQ,buy,FALSE,11,467,607514068,1300000046192970,2024-10-23T13:34:29
ELECTCAST,INE086A01029,2024-10-23,NSE,EQ,EQ,buy,FALSE,5,172.85,208138363,1100000052473009,2024-10-23T13:34:29
ELECTCAST,INE086A01029,2024-10-23,NSE,EQ,EQ,buy,FALSE,8,172.82,208138347,1100000052473009,2024-10-23T13:34:29
ELECTCAST,INE086A01029,2024-10-23,NSE,EQ,EQ,buy,FALSE,4,172.82,208138348,1100000052473009,2024-10-23T13:34:29
ELECTCAST,INE086A01029,2024-10-23,NSE,EQ,EQ,buy,FALSE,3,172.82,208138349,1100000052473009,2024-10-23T13:34:29
ELECTCAST,INE086A01029,2024-10-23,NSE,EQ,EQ,buy,FALSE,8,172.82,208138350,1100000052473009,2024-10-23T13:34:29
ELECTCAST,INE086A01029,2024-10-23,NSE,EQ,EQ,buy,FALSE,4,172.82,208138351,1100000052473009,2024-10-23T13:34:29
ELECTCAST,INE086A01029,2024-10-23,NSE,EQ,EQ,buy,FALSE,3,172.82,208138352,1100000052473009,2024-10-23T13:34:29
ELECTCAST,INE086A01029,2024-10-23,NSE,EQ,EQ,buy,FALSE,8,172.82,208138353,1100000052473009,2024-10-23T13:34:29
ELECTCAST,INE086A01029,2024-10-23,NSE,EQ,EQ,buy,FALSE,4,172.82,208138354,1100000052473009,2024-10-23T13:34:29
ELECTCAST,INE086A01029,2024-10-23,NSE,EQ,EQ,buy,FALSE,8,172.82,208138355,1100000052473009,2024-10-23T13:34:29
ELECTCAST,INE086A01029,2024-10-23,NSE,EQ,EQ,buy,FALSE,4,172.82,208138356,1100000052473009,2024-10-23T13:34:29
ELECTCAST,INE086A01029,2024-10-23,NSE,EQ,EQ,buy,FALSE,8,172.82,208138357,1100000052473009,2024-10-23T13:34:29
ELECTCAST,INE086A01029,2024-10-23,NSE,EQ,EQ,buy,FALSE,24,172.82,208138358,1100000052473009,2024-10-23T13:34:29
ELECTCAST,INE086A01029,2024-10-23,NSE,EQ,EQ,buy,FALSE,24,172.83,208138359,1100000052473009,2024-10-23T13:34:29
ELECTCAST,INE086A01029,2024-10-23,NSE,EQ,EQ,buy,FALSE,16,172.84,208138360,1100000052473009,2024-10-23T13:34:29
ELECTCAST,INE086A01029,2024-10-23,NSE,EQ,EQ,buy,FALSE,4,172.84,208138361,1100000052473009,2024-10-23T13:34:29
ELECTCAST,INE086A01029,2024-10-23,NSE,EQ,EQ,buy,FALSE,28,172.84,208138362,1100000052473009,2024-10-23T13:34:29
ELECTCAST,INE086A01029,2024-10-23,NSE,EQ,EQ,buy,FALSE,60,172.85,208138364,1100000052473009,2024-10-23T13:34:29
ELECTCAST,INE086A01029,2024-10-23,NSE,EQ,EQ,buy,FALSE,6,172.85,208138365,1100000052473009,2024-10-23T13:34:29
ELECTCAST,INE086A01029,2024-10-23,NSE,EQ,EQ,buy,FALSE,5,172.85,208138366,1100000052473009,2024-10-23T13:34:29
ELECTCAST,INE086A01029,2024-10-23,NSE,EQ,EQ,buy,FALSE,6,172.85,208138367,1100000052473009,2024-10-23T13:34:29
ELECTCAST,INE086A01029,2024-10-23,NSE,EQ,EQ,buy,FALSE,5,172.85,208138368,1100000052473009,2024-10-23T13:34:29
ELECTCAST,INE086A01029,2024-10-23,NSE,EQ,EQ,buy,FALSE,6,172.85,208138369,1100000052473009,2024-10-23T13:34:29
ELECTCAST,INE086A01029,2024-10-23,NSE,EQ,EQ,buy,FALSE,5,172.85,208138370,1100000052473009,2024-10-23T13:34:29
ELECTCAST,INE086A01029,2024-10-23,NSE,EQ,EQ,buy,FALSE,6,172.85,208138371,1100000052473009,2024-10-23T13:34:29
ELECTCAST,INE086A01029,2024-10-23,NSE,EQ,EQ,buy,FALSE,4,172.85,208138372,1100000052473009,2024-10-23T13:34:29
ELECTCAST,INE086A01029,2024-10-23,NSE,EQ,EQ,buy,FALSE,2,172.85,208138373,1100000052473009,2024-10-23T13:34:29
ELECTCAST,INE086A01029,2024-10-23,NSE,EQ,EQ,buy,FALSE,55,172.86,208138374,1100000052473009,2024-10-23T13:34:29
ELECTCAST,INE086A01029,2024-10-23,NSE,EQ,EQ,buy,FALSE,25,172.86,208138375,1100000052473009,2024-10-23T13:34:29
RKFORGE,INE399G01023,2024-10-23,NSE,EQ,EQ,buy,FALSE,6,957.85,607514093,1300000046193130,2024-10-23T13:34:29
RKFORGE,INE399G01023,2024-10-23,NSE,EQ,EQ,buy,FALSE,7,957.9,607514094,1300000046193130,2024-10-23T13:34:29
RKFORGE,INE399G01023,2024-10-23,NSE,EQ,EQ,buy,FALSE,12,957.95,607514095,1300000046193130,2024-10-23T13:34:29
RKFORGE,INE399G01023,2024-10-23,NSE,EQ,EQ,buy,FALSE,33,957.95,607514096,1300000046193130,2024-10-23T13:34:29
TORNTPOWER,INE813H01021,2024-10-23,NSE,EQ,EQ,buy,FALSE,5,1959.55,607514106,1300000046193412,2024-10-23T13:34:29
TORNTPOWER,INE813H01021,2024-10-23,NSE,EQ,EQ,buy,FALSE,5,1959.65,607514107,1300000046193412,2024-10-23T13:34:29
TORNTPOWER,INE813H01021,2024-10-23,NSE,EQ,EQ,buy,FALSE,8,1959.8,607514108,1300000046193412,2024-10-23T13:34:29
TORNTPOWER,INE813H01021,2024-10-23,NSE,EQ,EQ,buy,FALSE,16,1959.85,607514109,1300000046193412,2024-10-23T13:34:29
SARDAEN,INE385C01021,2024-11-27,NSE,EQ,EQ,buy,FALSE,1,429.2,605121499,1300000031011520,2024-11-27T12:28:09
SARDAEN,INE385C01021,2024-11-27,NSE,EQ,EQ,buy,FALSE,3,429.2,605121498,1300000031011520,2024-11-27T12:28:09
SARDAEN,INE385C01021,2024-11-27,NSE,EQ,EQ,buy,FALSE,15,429.2,605121497,1300000031011520,2024-11-27T12:28:09
SARDAEN,INE385C01021,2024-11-27,NSE,EQ,EQ,buy,FALSE,5,429.2,605121496,1300000031011520,2024-11-27T12:28:09
SARDAEN,INE385C01021,2024-11-27,NSE,EQ,EQ,buy,FALSE,1,429.2,605121495,1300000031011520,2024-11-27T12:28:09
SARDAEN,INE385C01021,2024-11-27,NSE,EQ,EQ,buy,FALSE,3,429.2,605121494,1300000031011520,2024-11-27T12:28:09
SARDAEN,INE385C01021,2024-11-27,NSE,EQ,EQ,buy,FALSE,15,429.2,605121493,1300000031011520,2024-11-27T12:28:09
SARDAEN,INE385C01021,2024-11-27,NSE,EQ,EQ,buy,FALSE,5,429.2,605121492,1300000031011520,2024-11-27T12:28:09
SARDAEN,INE385C01021,2024-11-27,NSE,EQ,EQ,buy,FALSE,1,429.2,605121491,1300000031011520,2024-11-27T12:28:09
SARDAEN,INE385C01021,2024-11-27,NSE,EQ,EQ,buy,FALSE,1,429.2,605121490,1300000031011520,2024-11-27T12:28:09
SARDAEN,INE385C01021,2024-11-27,NSE,EQ,EQ,buy,FALSE,9,429.15,605121489,1300000031011520,2024-11-27T12:28:09
SHARDAMOTR,INE597I01028,2024-11-27,NSE,EQ,EQ,buy,FALSE,1,2042.2,605121574,1300000031011865,2024-11-27T12:28:09
SHARDAMOTR,INE597I01028,2024-11-27,NSE,EQ,EQ,buy,FALSE,1,2042.2,605121573,1300000031011865,2024-11-27T12:28:09
SHARDAMOTR,INE597I01028,2024-11-27,NSE,EQ,EQ,buy,FALSE,1,2042.15,605121572,1300000031011865,2024-11-27T12:28:09
SHARDAMOTR,INE597I01028,2024-11-27,NSE,EQ,EQ,buy,FALSE,2,2042.1,605121571,1300000031011865,2024-11-27T12:28:09
SHARDAMOTR,INE597I01028,2024-11-27,NSE,EQ,EQ,buy,FALSE,1,2042.05,605121570,1300000031011865,2024-11-27T12:28:09
SHARDAMOTR,INE597I01028,2024-11-27,NSE,EQ,EQ,buy,FALSE,2,2042,605121569,1300000031011865,2024-11-27T12:28:09
SHARDAMOTR,INE597I01028,2024-11-27,NSE,EQ,EQ,buy,FALSE,1,2041.95,605121568,1300000031011865,2024-11-27T12:28:09
SHARDAMOTR,INE597I01028,2024-11-27,NSE,EQ,EQ,buy,FALSE,3,2041.9,605121567,1300000031011865,2024-11-27T12:28:09
SHARDAMOTR,INE597I01028,2024-11-27,NSE,EQ,EQ,buy,FALSE,1,2041.9,605121566,1300000031011865,2024-11-27T12:28:09
SHARDAMOTR,INE597I01028,2024-11-27,NSE,EQ,EQ,buy,FALSE,1,2041.85,605121565,1300000031011865,2024-11-27T12:28:09
SHARDAMOTR,INE597I01028,2024-11-27,NSE,EQ,EQ,buy,FALSE,2,2041.8,605121564,1300000031011865,2024-11-27T12:28:09
FIEMIND,INE737H01014,2024-11-27,NSE,EQ,EQ,buy,FALSE,3,1496.9,204256373,1100000029369678,2024-11-27T12:28:09
FIEMIND,INE737H01014,2024-11-27,NSE,EQ,EQ,buy,FALSE,2,1496.95,204256374,1100000029369678,2024-11-27T12:28:09
FIEMIND,INE737H01014,2024-11-27,NSE,EQ,EQ,buy,FALSE,1,1497.4,204256375,1100000029369678,2024-11-27T12:28:09
FIEMIND,INE737H01014,2024-11-27,NSE,EQ,EQ,buy,FALSE,5,1497.45,204256376,1100000029369678,2024-11-27T12:28:09
FIEMIND,INE737H01014,2024-11-27,NSE,EQ,EQ,buy,FALSE,1,1497.5,204256377,1100000029369678,2024-11-27T12:28:09
FIEMIND,INE737H01014,2024-11-27,NSE,EQ,EQ,buy,FALSE,1,1497.5,204256378,1100000029369678,2024-11-27T12:28:09
FIEMIND,INE737H01014,2024-11-27,NSE,EQ,EQ,buy,FALSE,1,1497.5,204256379,1100000029369678,2024-11-27T12:28:09
FIEMIND,INE737H01014,2024-11-27,NSE,EQ,EQ,buy,FALSE,6,1497.55,204256380,1100000029369678,2024-11-27T12:28:09
FIEMIND,INE737H01014,2024-11-27,NSE,EQ,EQ,buy,FALSE,4,1497.55,204256381,1100000029369678,2024-11-27T12:28:09
FIEMIND,INE737H01014,2024-11-27,NSE,EQ,EQ,buy,FALSE,1,1497.6,204256382,1100000029369678,2024-11-27T12:28:09
FIEMIND,INE737H01014,2024-11-27,NSE,EQ,EQ,buy,FALSE,6,1497.6,204256383,1100000029369678,2024-11-27T12:28:09
FIEMIND,INE737H01014,2024-11-27,NSE,EQ,EQ,buy,FALSE,4,1497.65,204256384,1100000029369678,2024-11-27T12:28:09
FIEMIND,INE737H01014,2024-11-27,NSE,EQ,EQ,buy,FALSE,2,1497.65,204256385,1100000029369678,2024-11-27T12:28:09
FIEMIND,INE737H01014,2024-11-27,NSE,EQ,EQ,buy,FALSE,5,1497.7,204256386,1100000029369678,2024-11-27T12:28:09
FIEMIND,INE737H01014,2024-11-27,NSE,EQ,EQ,buy,FALSE,3,1497.75,204256387,1100000029369678,2024-11-27T12:28:09
TIMETECHNO,INE508G01029,2024-11-27,NSE,EQ,EQ,buy,FALSE,132,421.05,605712198,1300000031012073,2024-11-27T12:28:09
TIMETECHNO,INE508G01029,2024-11-27,NSE,EQ,EQ,buy,FALSE,7,421.05,605703577,1300000031012073,2024-11-27T12:28:09
SHARDAMOTR,INE597I01028,2024-11-27,NSE,EQ,EQ,buy,FALSE,2,2042.85,605121582,1300000031011865,2024-11-27T12:28:09
SHARDAMOTR,INE597I01028,2024-11-27,NSE,EQ,EQ,buy,FALSE,2,2042.65,605121581,1300000031011865,2024-11-27T12:28:09
SHARDAMOTR,INE597I01028,2024-11-27,NSE,EQ,EQ,buy,FALSE,1,2042.4,605121580,1300000031011865,2024-11-27T12:28:09
SHARDAMOTR,INE597I01028,2024-11-27,NSE,EQ,EQ,buy,FALSE,5,2042.3,605121579,1300000031011865,2024-11-27T12:28:09
SHARDAMOTR,INE597I01028,2024-11-27,NSE,EQ,EQ,buy,FALSE,1,2042.25,605121578,1300000031011865,2024-11-27T12:28:09
SHARDAMOTR,INE597I01028,2024-11-27,NSE,EQ,EQ,buy,FALSE,2,2042.2,605121577,1300000031011865,2024-11-27T12:28:09
SHARDAMOTR,INE597I01028,2024-11-27,NSE,EQ,EQ,buy,FALSE,2,2042.2,605121576,1300000031011865,2024-11-27T12:28:09
SARDAEN,INE385C01021,2024-11-27,NSE,EQ,EQ,buy,FALSE,6,429.2,605121504,1300000031011520,2024-11-27T12:28:09
SHARDAMOTR,INE597I01028,2024-11-27,NSE,EQ,EQ,buy,FALSE,1,2042.2,605121575,1300000031011865,2024-11-27T12:28:09
SARDAEN,INE385C01021,2024-11-27,NSE,EQ,EQ,buy,FALSE,5,429.2,605121503,1300000031011520,2024-11-27T12:28:09
SARDAEN,INE385C01021,2024-11-27,NSE,EQ,EQ,buy,FALSE,3,429.2,605121502,1300000031011520,2024-11-27T12:28:09
SARDAEN,INE385C01021,2024-11-27,NSE,EQ,EQ,buy,FALSE,15,429.2,605121501,1300000031011520,2024-11-27T12:28:09
SARDAEN,INE385C01021,2024-11-27,NSE,EQ,EQ,buy,FALSE,5,429.2,605121500,1300000031011520,2024-11-27T12:28:09
SARDAEN,INE385C01021,2024-11-27,NSE,EQ,EQ,buy,FALSE,2,429.15,605121487,1300000031011520,2024-11-27T12:28:09
SARDAEN,INE385C01021,2024-11-27,NSE,EQ,EQ,buy,FALSE,4,429.05,605121473,1300000031011520,2024-11-27T12:28:09
SARDAEN,INE385C01021,2024-11-27,NSE,EQ,EQ,buy,FALSE,1,429.05,605121472,1300000031011520,2024-11-27T12:28:09
SARDAEN,INE385C01021,2024-11-27,NSE,EQ,EQ,buy,FALSE,4,429,605121471,1300000031011520,2024-11-27T12:28:09
SARDAEN,INE385C01021,2024-11-27,NSE,EQ,EQ,buy,FALSE,1,428.95,605121470,1300000031011520,2024-11-27T12:28:09
SARDAEN,INE385C01021,2024-11-27,NSE,EQ,EQ,buy,FALSE,1,429.15,605121486,1300000031011520,2024-11-27T12:28:09
SARDAEN,INE385C01021,2024-11-27,NSE,EQ,EQ,buy,FALSE,14,429.15,605121485,1300000031011520,2024-11-27T12:28:09
SARDAEN,INE385C01021,2024-11-27,NSE,EQ,EQ,buy,FALSE,1,429.15,605121484,1300000031011520,2024-11-27T12:28:09
SARDAEN,INE385C01021,2024-11-27,NSE,EQ,EQ,buy,FALSE,2,429.15,605121483,1300000031011520,2024-11-27T12:28:09
SARDAEN,INE385C01021,2024-11-27,NSE,EQ,EQ,buy,FALSE,1,429.15,605121482,1300000031011520,2024-11-27T12:28:09
SARDAEN,INE385C01021,2024-11-27,NSE,EQ,EQ,buy,FALSE,5,429.1,605121481,1300000031011520,2024-11-27T12:28:09
SARDAEN,INE385C01021,2024-11-27,NSE,EQ,EQ,buy,FALSE,6,429.1,605121480,1300000031011520,2024-11-27T12:28:09
SARDAEN,INE385C01021,2024-11-27,NSE,EQ,EQ,buy,FALSE,3,429.1,605121479,1300000031011520,2024-11-27T12:28:09
SARDAEN,INE385C01021,2024-11-27,NSE,EQ,EQ,buy,FALSE,2,429.1,605121478,1300000031011520,2024-11-27T12:28:09
SARDAEN,INE385C01021,2024-11-27,NSE,EQ,EQ,buy,FALSE,8,429.1,605121477,1300000031011520,2024-11-27T12:28:09
SARDAEN,INE385C01021,2024-11-27,NSE,EQ,EQ,buy,FALSE,3,429.1,605121476,1300000031011520,2024-11-27T12:28:09
SARDAEN,INE385C01021,2024-11-27,NSE,EQ,EQ,buy,FALSE,2,429.1,605121475,1300000031011520,2024-11-27T12:28:09
SARDAEN,INE385C01021,2024-11-27,NSE,EQ,EQ,buy,FALSE,1,429.1,605121474,1300000031011520,2024-11-27T12:28:09
NTPC,INE733E01010,2024-11-27,NSE,EQ,EQ,buy,FALSE,183,369.85,404968326,1200000034181899,2024-11-27T12:28:09
PCBL,INE602A01031,2024-11-27,NSE,EQ,EQ,buy,FALSE,8,426.6,404968690,1200000034182742,2024-11-27T12:28:09
PCBL,INE602A01031,2024-11-27,NSE,EQ,EQ,buy,FALSE,10,426.6,404970126,1200000034182742,2024-11-27T12:28:09
PCBL,INE602A01031,2024-11-27,NSE,EQ,EQ,buy,FALSE,2,426.6,404972286,1200000034182742,2024-11-27T12:28:09
PCBL,INE602A01031,2024-11-27,NSE,EQ,EQ,buy,FALSE,1,426.6,404977319,1200000034182742,2024-11-27T12:28:09
PCBL,INE602A01031,2024-11-27,NSE,EQ,EQ,buy,FALSE,137,426.6,404978377,1200000034182742,2024-11-27T12:28:09
TIMETECHNO,INE508G01029,2024-11-27,NSE,EQ,EQ,buy,FALSE,5,421.05,605181804,1300000031012073,2024-11-27T12:28:09
TIMETECHNO,INE508G01029,2024-11-27,NSE,EQ,EQ,buy,FALSE,12,421.05,605180331,1300000031012073,2024-11-27T12:28:09
SARDAEN,INE385C01021,2024-11-27,NSE,EQ,EQ,buy,FALSE,1,429.15,605121488,1300000031011520,2024-11-27T12:28:09
TIMETECHNO,INE508G01029,2024-11-27,NSE,EQ,EQ,buy,FALSE,1,421.9,605152985,1300000031223038,2024-11-27T12:30:14
NTPC,INE733E01010,2024-11-27,NSE,EQ,EQ,buy,FALSE,41,370,405001016,1200000034439582,2024-11-27T12:30:14
NTPC,INE733E01010,2024-11-27,NSE,EQ,EQ,buy,FALSE,1,370,405001017,1200000034439582,2024-11-27T12:30:14
NTPC,INE733E01010,2024-11-27,NSE,EQ,EQ,buy,FALSE,141,370,405001018,1200000034439582,2024-11-27T12:30:14
PCBL,INE602A01031,2024-11-27,NSE,EQ,EQ,buy,FALSE,158,426.55,405001046,1200000034440111,2024-11-27T12:30:14
TIMETECHNO,INE508G01029,2024-11-27,NSE,EQ,EQ,buy,FALSE,7,421.85,605152976,1300000031223038,2024-11-27T12:30:14
TIMETECHNO,INE508G01029,2024-11-27,NSE,EQ,EQ,buy,FALSE,6,421.9,605152977,1300000031223038,2024-11-27T12:30:14
TIMETECHNO,INE508G01029,2024-11-27,NSE,EQ,EQ,buy,FALSE,22,421.9,605152978,1300000031223038,2024-11-27T12:30:14
TIMETECHNO,INE508G01029,2024-11-27,NSE,EQ,EQ,buy,FALSE,2,421.9,605152979,1300000031223038,2024-11-27T12:30:14
TIMETECHNO,INE508G01029,2024-11-27,NSE,EQ,EQ,buy,FALSE,1,421.9,605152980,1300000031223038,2024-11-27T12:30:14
TIMETECHNO,INE508G01029,2024-11-27,NSE,EQ,EQ,buy,FALSE,21,421.9,605152981,1300000031223038,2024-11-27T12:30:14
TIMETECHNO,INE508G01029,2024-11-27,NSE,EQ,EQ,buy,FALSE,2,421.9,605152982,1300000031223038,2024-11-27T12:30:14
TIMETECHNO,INE508G01029,2024-11-27,NSE,EQ,EQ,buy,FALSE,1,421.9,605152983,1300000031223038,2024-11-27T12:30:14
TIMETECHNO,INE508G01029,2024-11-27,NSE,EQ,EQ,buy,FALSE,2,421.9,605152984,1300000031223038,2024-11-27T12:30:14
TIMETECHNO,INE508G01029,2024-11-27,NSE,EQ,EQ,buy,FALSE,2,421.9,605152986,1300000031223038,2024-11-27T12:30:14
TIMETECHNO,INE508G01029,2024-11-27,NSE,EQ,EQ,buy,FALSE,1,421.9,605152987,1300000031223038,2024-11-27T12:30:14
TIMETECHNO,INE508G01029,2024-11-27,NSE,EQ,EQ,buy,FALSE,2,421.9,605152988,1300000031223038,2024-11-27T12:30:14
TIMETECHNO,INE508G01029,2024-11-27,NSE,EQ,EQ,buy,FALSE,1,421.9,605152989,1300000031223038,2024-11-27T12:30:14
TIMETECHNO,INE508G01029,2024-11-27,NSE,EQ,EQ,buy,FALSE,2,421.9,605152990,1300000031223038,2024-11-27T12:30:14
TIMETECHNO,INE508G01029,2024-11-27,NSE,EQ,EQ,buy,FALSE,2,421.9,605152991,1300000031223038,2024-11-27T12:30:14
TIMETECHNO,INE508G01029,2024-11-27,NSE,EQ,EQ,buy,FALSE,1,421.95,605152992,1300000031223038,2024-11-27T12:30:14
TIMETECHNO,INE508G01029,2024-11-27,NSE,EQ,EQ,buy,FALSE,28,421.95,605152993,1300000031223038,2024-11-27T12:30:14
TIMETECHNO,INE508G01029,2024-11-27,NSE,EQ,EQ,buy,FALSE,1,421.95,605152994,1300000031223038,2024-11-27T12:30:14
TIMETECHNO,INE508G01029,2024-11-27,NSE,EQ,EQ,buy,FALSE,1,421.95,605152995,1300000031223038,2024-11-27T12:30:14
TIMETECHNO,INE508G01029,2024-11-27,NSE,EQ,EQ,buy,FALSE,1,421.95,605152996,1300000031223038,2024-11-27T12:30:14
TIMETECHNO,INE508G01029,2024-11-27,NSE,EQ,EQ,buy,FALSE,1,421.95,605152997,1300000031223038,2024-11-27T12:30:14
TIMETECHNO,INE508G01029,2024-11-27,NSE,EQ,EQ,buy,FALSE,1,421.95,605152998,1300000031223038,2024-11-27T12:30:14
TIMETECHNO,INE508G01029,2024-11-27,NSE,EQ,EQ,buy,FALSE,1,421.95,605152999,1300000031223038,2024-11-27T12:30:14
TIMETECHNO,INE508G01029,2024-11-27,NSE,EQ,EQ,buy,FALSE,1,421.95,605153000,1300000031223038,2024-11-27T12:30:14
TIMETECHNO,INE508G01029,2024-11-27,NSE,EQ,EQ,buy,FALSE,1,421.95,605153001,1300000031223038,2024-11-27T12:30:14
TIMETECHNO,INE508G01029,2024-11-27,NSE,EQ,EQ,buy,FALSE,1,421.95,605153002,1300000031223038,2024-11-27T12:30:14
TIMETECHNO,INE508G01029,2024-11-27,NSE,EQ,EQ,buy,FALSE,1,421.95,605153003,1300000031223038,2024-11-27T12:30:14
TIMETECHNO,INE508G01029,2024-11-27,NSE,EQ,EQ,buy,FALSE,4,421.95,605153004,1300000031223038,2024-11-27T12:30:14
TIMETECHNO,INE508G01029,2024-11-27,NSE,EQ,EQ,buy,FALSE,27,422,605153005,1300000031223038,2024-11-27T12:30:14
TIMETECHNO,INE508G01029,2024-11-27,NSE,EQ,EQ,buy,FALSE,5,422.05,605153006,1300000031223038,2024-11-27T12:30:14
SARDAEN,INE385C01021,2024-11-27,NSE,EQ,EQ,buy,FALSE,1,429.35,605152937,1300000031222681,2024-11-27T12:30:14
SARDAEN,INE385C01021,2024-11-27,NSE,EQ,EQ,buy,FALSE,6,429.35,605152938,1300000031222681,2024-11-27T12:30:14
SARDAEN,INE385C01021,2024-11-27,NSE,EQ,EQ,buy,FALSE,1,429.35,605152939,1300000031222681,2024-11-27T12:30:14
SARDAEN,INE385C01021,2024-11-27,NSE,EQ,EQ,buy,FALSE,6,429.35,605152940,1300000031222681,2024-11-27T12:30:14
SARDAEN,INE385C01021,2024-11-27,NSE,EQ,EQ,buy,FALSE,1,429.35,605152941,1300000031222681,2024-11-27T12:30:14
SARDAEN,INE385C01021,2024-11-27,NSE,EQ,EQ,buy,FALSE,5,429.35,605152942,1300000031222681,2024-11-27T12:30:14
SARDAEN,INE385C01021,2024-11-27,NSE,EQ,EQ,buy,FALSE,1,429.35,605152943,1300000031222681,2024-11-27T12:30:14
SARDAEN,INE385C01021,2024-11-27,NSE,EQ,EQ,buy,FALSE,2,429.4,605152944,1300000031222681,2024-11-27T12:30:14
SARDAEN,INE385C01021,2024-11-27,NSE,EQ,EQ,buy,FALSE,39,429.4,605152945,1300000031222681,2024-11-27T12:30:14
SARDAEN,INE385C01021,2024-11-27,NSE,EQ,EQ,buy,FALSE,3,429.4,605152946,1300000031222681,2024-11-27T12:30:14
SARDAEN,INE385C01021,2024-11-27,NSE,EQ,EQ,buy,FALSE,1,429.45,605152947,1300000031222681,2024-11-27T12:30:14
SARDAEN,INE385C01021,2024-11-27,NSE,EQ,EQ,buy,FALSE,7,429.45,605152948,1300000031222681,2024-11-27T12:30:14
SARDAEN,INE385C01021,2024-11-27,NSE,EQ,EQ,buy,FALSE,1,429.45,605152949,1300000031222681,2024-11-27T12:30:14
SARDAEN,INE385C01021,2024-11-27,NSE,EQ,EQ,buy,FALSE,1,429.5,605152950,1300000031222681,2024-11-27T12:30:14
SARDAEN,INE385C01021,2024-11-27,NSE,EQ,EQ,buy,FALSE,22,429.5,605152951,1300000031222681,2024-11-27T12:30:14
SHARDAMOTR,INE597I01028,2024-11-27,NSE,EQ,EQ,buy,FALSE,2,2042.9,605152972,1300000031222938,2024-11-27T12:30:14
SHARDAMOTR,INE597I01028,2024-11-27,NSE,EQ,EQ,buy,FALSE,1,2042.95,605152973,1300000031222938,2024-11-27T12:30:14
SHARDAMOTR,INE597I01028,2024-11-27,NSE,EQ,EQ,buy,FALSE,29,2043,605152974,1300000031222938,2024-11-27T12:30:14
TIMETECHNO,INE508G01029,2024-11-27,NSE,EQ,EQ,buy,FALSE,6,421.8,605152975,1300000031223038,2024-11-27T12:30:14
FIEMIND,INE737H01014,2024-11-27,NSE,EQ,EQ,buy,FALSE,5,1498.8,204287486,1100000029629559,2024-11-27T12:30:14
FIEMIND,INE737H01014,2024-11-27,NSE,EQ,EQ,buy,FALSE,1,1498.3,204287477,1100000029629559,2024-11-27T12:30:14
FIEMIND,INE737H01014,2024-11-27,NSE,EQ,EQ,buy,FALSE,2,1498.35,204287478,1100000029629559,2024-11-27T12:30:14
FIEMIND,INE737H01014,2024-11-27,NSE,EQ,EQ,buy,FALSE,1,1498.6,204287479,1100000029629559,2024-11-27T12:30:14
FIEMIND,INE737H01014,2024-11-27,NSE,EQ,EQ,buy,FALSE,2,1498.6,204287480,1100000029629559,2024-11-27T12:30:14
FIEMIND,INE737H01014,2024-11-27,NSE,EQ,EQ,buy,FALSE,3,1498.65,204287481,1100000029629559,2024-11-27T12:30:14
FIEMIND,INE737H01014,2024-11-27,NSE,EQ,EQ,buy,FALSE,6,1498.65,204287482,1100000029629559,2024-11-27T12:30:14
FIEMIND,INE737H01014,2024-11-27,NSE,EQ,EQ,buy,FALSE,4,1498.7,204287483,1100000029629559,2024-11-27T12:30:14
FIEMIND,INE737H01014,2024-11-27,NSE,EQ,EQ,buy,FALSE,4,1498.75,204287484,1100000029629559,2024-11-27T12:30:14
FIEMIND,INE737H01014,2024-11-27,NSE,EQ,EQ,buy,FALSE,9,1498.75,204287485,1100000029629559,2024-11-27T12:30:14
FIEMIND,INE737H01014,2024-11-27,NSE,EQ,EQ,buy,FALSE,8,1498.85,204287487,1100000029629559,2024-11-27T12:30:14
SARDAEN,INE385C01021,2024-11-27,NSE,EQ,EQ,buy,FALSE,1,429.3,605152917,1300000031222681,2024-11-27T12:30:14
SARDAEN,INE385C01021,2024-11-27,NSE,EQ,EQ,buy,FALSE,2,429.35,605152918,1300000031222681,2024-11-27T12:30:14
SARDAEN,INE385C01021,2024-11-27,NSE,EQ,EQ,buy,FALSE,1,429.35,605152919,1300000031222681,2024-11-27T12:30:14
SARDAEN,INE385C01021,2024-11-27,NSE,EQ,EQ,buy,FALSE,2,429.35,605152920,1300000031222681,2024-11-27T12:30:14
SARDAEN,INE385C01021,2024-11-27,NSE,EQ,EQ,buy,FALSE,6,429.35,605152921,1300000031222681,2024-11-27T12:30:14
SARDAEN,INE385C01021,2024-11-27,NSE,EQ,EQ,buy,FALSE,1,429.35,605152922,1300000031222681,2024-11-27T12:30:14
SARDAEN,INE385C01021,2024-11-27,NSE,EQ,EQ,buy,FALSE,1,429.35,605152923,1300000031222681,2024-11-27T12:30:14
SARDAEN,INE385C01021,2024-11-27,NSE,EQ,EQ,buy,FALSE,2,429.35,605152924,1300000031222681,2024-11-27T12:30:14
SARDAEN,INE385C01021,2024-11-27,NSE,EQ,EQ,buy,FALSE,6,429.35,605152925,1300000031222681,2024-11-27T12:30:14
SARDAEN,INE385C01021,2024-11-27,NSE,EQ,EQ,buy,FALSE,1,429.35,605152926,1300000031222681,2024-11-27T12:30:14
SARDAEN,INE385C01021,2024-11-27,NSE,EQ,EQ,buy,FALSE,1,429.35,605152927,1300000031222681,2024-11-27T12:30:14
SARDAEN,INE385C01021,2024-11-27,NSE,EQ,EQ,buy,FALSE,6,429.35,605152928,1300000031222681,2024-11-27T12:30:14
SARDAEN,INE385C01021,2024-11-27,NSE,EQ,EQ,buy,FALSE,1,429.35,605152929,1300000031222681,2024-11-27T12:30:14
SARDAEN,INE385C01021,2024-11-27,NSE,EQ,EQ,buy,FALSE,6,429.35,605152930,1300000031222681,2024-11-27T12:30:14
SARDAEN,INE385C01021,2024-11-27,NSE,EQ,EQ,buy,FALSE,1,429.35,605152931,1300000031222681,2024-11-27T12:30:14
SARDAEN,INE385C01021,2024-11-27,NSE,EQ,EQ,buy,FALSE,6,429.35,605152932,1300000031222681,2024-11-27T12:30:14
SARDAEN,INE385C01021,2024-11-27,NSE,EQ,EQ,buy,FALSE,1,429.35,605152933,1300000031222681,2024-11-27T12:30:14
SARDAEN,INE385C01021,2024-11-27,NSE,EQ,EQ,buy,FALSE,6,429.35,605152934,1300000031222681,2024-11-27T12:30:14
SARDAEN,INE385C01021,2024-11-27,NSE,EQ,EQ,buy,FALSE,1,429.35,605152935,1300000031222681,2024-11-27T12:30:14
SARDAEN,INE385C01021,2024-11-27,NSE,EQ,EQ,buy,FALSE,6,429.35,605152936,1300000031222681,2024-11-27T12:30:14
TIMETECHNO,INE508G01029,2024-11-27,NSE,EQ,EQ,buy,FALSE,6,421.45,605183219,1300000031417676,2024-11-27T12:31:57
FIEMIND,INE737H01014,2024-11-27,NSE,EQ,EQ,buy,FALSE,1,1499.65,204314938,1100000029833166,2024-11-27T12:31:57
FIEMIND,INE737H01014,2024-11-27,NSE,EQ,EQ,buy,FALSE,2,1499.6,204314937,1100000029833166,2024-11-27T12:31:57
FIEMIND,INE737H01014,2024-11-27,NSE,EQ,EQ,buy,FALSE,2,1499.55,204314936,1100000029833166,2024-11-27T12:31:57
FIEMIND,INE737H01014,2024-11-27,NSE,EQ,EQ,buy,FALSE,2,1499.45,204314935,1100000029833166,2024-11-27T12:31:57
FIEMIND,INE737H01014,2024-11-27,NSE,EQ,EQ,buy,FALSE,1,1499.4,204314934,1100000029833166,2024-11-27T12:31:57
FIEMIND,INE737H01014,2024-11-27,NSE,EQ,EQ,buy,FALSE,2,1499.35,204314933,1100000029833166,2024-11-27T12:31:57
FIEMIND,INE737H01014,2024-11-27,NSE,EQ,EQ,buy,FALSE,2,1499.3,204314932,1100000029833166,2024-11-27T12:31:57
FIEMIND,INE737H01014,2024-11-27,NSE,EQ,EQ,buy,FALSE,5,1499.3,204314931,1100000029833166,2024-11-27T12:31:57
FIEMIND,INE737H01014,2024-11-27,NSE,EQ,EQ,buy,FALSE,1,1499.3,204314930,1100000029833166,2024-11-27T12:31:57
TIMETECHNO,INE508G01029,2024-11-27,NSE,EQ,EQ,buy,FALSE,28,421.5,605183224,1300000031417676,2024-11-27T12:31:57
TIMETECHNO,INE508G01029,2024-11-27,NSE,EQ,EQ,buy,FALSE,1,421.5,605183225,1300000031417676,2024-11-27T12:31:57
TIMETECHNO,INE508G01029,2024-11-27,NSE,EQ,EQ,buy,FALSE,39,421.5,605183226,1300000031417676,2024-11-27T12:31:57
TIMETECHNO,INE508G01029,2024-11-27,NSE,EQ,EQ,buy,FALSE,1,421.5,605183227,1300000031417676,2024-11-27T12:31:57
SHARDAMOTR,INE597I01028,2024-11-27,NSE,EQ,EQ,buy,FALSE,1,2043.3,605183190,1300000031417557,2024-11-27T12:31:57
SHARDAMOTR,INE597I01028,2024-11-27,NSE,EQ,EQ,buy,FALSE,1,2043.35,605183191,1300000031417557,2024-11-27T12:31:57
SHARDAMOTR,INE597I01028,2024-11-27,NSE,EQ,EQ,buy,FALSE,1,2043.35,605183192,1300000031417557,2024-11-27T12:31:57
SHARDAMOTR,INE597I01028,2024-11-27,NSE,EQ,EQ,buy,FALSE,1,2043.4,605183193,1300000031417557,2024-11-27T12:31:57
SHARDAMOTR,INE597I01028,2024-11-27,NSE,EQ,EQ,buy,FALSE,1,2043.5,605183194,1300000031417557,2024-11-27T12:31:57
SHARDAMOTR,INE597I01028,2024-11-27,NSE,EQ,EQ,buy,FALSE,2,2043.5,605183195,1300000031417557,2024-11-27T12:31:57
SHARDAMOTR,INE597I01028,2024-11-27,NSE,EQ,EQ,buy,FALSE,1,2043.5,605183196,1300000031417557,2024-11-27T12:31:57
SHARDAMOTR,INE597I01028,2024-11-27,NSE,EQ,EQ,buy,FALSE,5,2043.6,605183197,1300000031417557,2024-11-27T12:31:57
SHARDAMOTR,INE597I01028,2024-11-27,NSE,EQ,EQ,buy,FALSE,1,2043.7,605183198,1300000031417557,2024-11-27T12:31:57
SHARDAMOTR,INE597I01028,2024-11-27,NSE,EQ,EQ,buy,FALSE,3,2043.75,605183199,1300000031417557,2024-11-27T12:31:57
SHARDAMOTR,INE597I01028,2024-11-27,NSE,EQ,EQ,buy,FALSE,1,2044.25,605183200,1300000031417557,2024-11-27T12:31:57
SHARDAMOTR,INE597I01028,2024-11-27,NSE,EQ,EQ,buy,FALSE,2,2044.65,605183201,1300000031417557,2024-11-27T12:31:57
SHARDAMOTR,INE597I01028,2024-11-27,NSE,EQ,EQ,buy,FALSE,2,2044.7,605183202,1300000031417557,2024-11-27T12:31:57
SHARDAMOTR,INE597I01028,2024-11-27,NSE,EQ,EQ,buy,FALSE,2,2044.75,605183203,1300000031417557,2024-11-27T12:31:57
SHARDAMOTR,INE597I01028,2024-11-27,NSE,EQ,EQ,buy,FALSE,2,2044.85,605183204,1300000031417557,2024-11-27T12:31:57
SHARDAMOTR,INE597I01028,2024-11-27,NSE,EQ,EQ,buy,FALSE,5,2044.9,605183205,1300000031417557,2024-11-27T12:31:57
TIMETECHNO,INE508G01029,2024-11-27,NSE,EQ,EQ,buy,FALSE,27,421.45,605183208,1300000031417676,2024-11-27T12:31:57
TIMETECHNO,INE508G01029,2024-11-27,NSE,EQ,EQ,buy,FALSE,1,421.45,605183209,1300000031417676,2024-11-27T12:31:57
TIMETECHNO,INE508G01029,2024-11-27,NSE,EQ,EQ,buy,FALSE,1,421.45,605183210,1300000031417676,2024-11-27T12:31:57
TIMETECHNO,INE508G01029,2024-11-27,NSE,EQ,EQ,buy,FALSE,1,421.45,605183211,1300000031417676,2024-11-27T12:31:57
TIMETECHNO,INE508G01029,2024-11-27,NSE,EQ,EQ,buy,FALSE,1,421.45,605183212,1300000031417676,2024-11-27T12:31:57
TIMETECHNO,INE508G01029,2024-11-27,NSE,EQ,EQ,buy,FALSE,5,421.45,605183213,1300000031417676,2024-11-27T12:31:57
TIMETECHNO,INE508G01029,2024-11-27,NSE,EQ,EQ,buy,FALSE,1,421.45,605183214,1300000031417676,2024-11-27T12:31:57
TIMETECHNO,INE508G01029,2024-11-27,NSE,EQ,EQ,buy,FALSE,6,421.45,605183215,1300000031417676,2024-11-27T12:31:57
TIMETECHNO,INE508G01029,2024-11-27,NSE,EQ,EQ,buy,FALSE,1,421.45,605183216,1300000031417676,2024-11-27T12:31:57
TIMETECHNO,INE508G01029,2024-11-27,NSE,EQ,EQ,buy,FALSE,6,421.45,605183217,1300000031417676,2024-11-27T12:31:57
TIMETECHNO,INE508G01029,2024-11-27,NSE,EQ,EQ,buy,FALSE,1,421.45,605183218,1300000031417676,2024-11-27T12:31:57
FIEMIND,INE737H01014,2024-11-27,NSE,EQ,EQ,buy,FALSE,7,1499.65,204314939,1100000029833166,2024-11-27T12:31:57
TIMETECHNO,INE508G01029,2024-11-27,NSE,EQ,EQ,buy,FALSE,1,421.45,605183220,1300000031417676,2024-11-27T12:31:57
TIMETECHNO,INE508G01029,2024-11-27,NSE,EQ,EQ,buy,FALSE,6,421.45,605183221,1300000031417676,2024-11-27T12:31:57
TIMETECHNO,INE508G01029,2024-11-27,NSE,EQ,EQ,buy,FALSE,2,421.45,605183222,1300000031417676,2024-11-27T12:31:57
TIMETECHNO,INE508G01029,2024-11-27,NSE,EQ,EQ,buy,FALSE,21,421.5,605183223,1300000031417676,2024-11-27T12:31:57
FIEMIND,INE737H01014,2024-11-27,NSE,EQ,EQ,buy,FALSE,1,1499.85,204314944,1100000029833166,2024-11-27T12:31:57
FIEMIND,INE737H01014,2024-11-27,NSE,EQ,EQ,buy,FALSE,2,1499.8,204314943,1100000029833166,2024-11-27T12:31:57
FIEMIND,INE737H01014,2024-11-27,NSE,EQ,EQ,buy,FALSE,3,1499.75,204314942,1100000029833166,2024-11-27T12:31:57
FIEMIND,INE737H01014,2024-11-27,NSE,EQ,EQ,buy,FALSE,10,1499.7,204314941,1100000029833166,2024-11-27T12:31:57
FIEMIND,INE737H01014,2024-11-27,NSE,EQ,EQ,buy,FALSE,4,1499.7,204314940,1100000029833166,2024-11-27T12:31:57
PCBL,INE602A01031,2024-11-27,NSE,EQ,EQ,buy,FALSE,158,426.9,405028760,1200000034674656,2024-11-27T12:31:57
NTPC,INE733E01010,2024-11-27,NSE,EQ,EQ,buy,FALSE,35,370.25,405028676,1200000034673717,2024-11-27T12:31:57
NTPC,INE733E01010,2024-11-27,NSE,EQ,EQ,buy,FALSE,148,370.25,405028675,1200000034673717,2024-11-27T12:31:57
SARDAEN,INE385C01021,2024-11-27,NSE,EQ,EQ,buy,FALSE,154,429.15,605183170,1300000031417300,2024-11-27T12:31:57
SARDAEN,INE385C01021,2024-11-27,NSE,EQ,EQ,buy,FALSE,1,429.15,605183169,1300000031417300,2024-11-27T12:31:57
SHARDAMOTR,INE597I01028,2024-11-27,NSE,EQ,EQ,buy,FALSE,1,2043.3,605183189,1300000031417557,2024-11-27T12:31:57
MPHASIS,INE356A01018,2024-11-27,NSE,EQ,EQ,buy,FALSE,2,3021.65,405071861,1200000035021071,2024-11-27T12:34:25
MPHASIS,INE356A01018,2024-11-27,NSE,EQ,EQ,buy,FALSE,10,3021.65,405071862,1200000035021071,2024-11-27T12:34:25
MPHASIS,INE356A01018,2024-11-27,NSE,EQ,EQ,buy,FALSE,2,3021.65,405071860,1200000035021071,2024-11-27T12:34:25
BANCOINDIA,INE213C01025,2024-11-27,NSE,EQ,EQ,buy,FALSE,6,1114.95,4782825,1000000031243895,2024-11-27T12:34:25
BANCOINDIA,INE213C01025,2024-11-27,NSE,EQ,EQ,buy,FALSE,6,1114.9,4782824,1000000031243895,2024-11-27T12:34:25
BANCOINDIA,INE213C01025,2024-11-27,NSE,EQ,EQ,buy,FALSE,6,1114.85,4782823,1000000031243895,2024-11-27T12:34:25
GRSE,INE382Z01011,2024-11-27,NSE,EQ,EQ,buy,FALSE,5,1631.95,204358254,1100000030152661,2024-11-27T12:34:25
IIFLSEC,INE489L01022,2024-11-27,NSE,EQ,EQ,buy,FALSE,100,333.85,204358264,1100000030152745,2024-11-27T12:34:25
IIFLSEC,INE489L01022,2024-11-27,NSE,EQ,EQ,buy,FALSE,31,334,204358265,1100000030152745,2024-11-27T12:34:25
GODFRYPHLP,INE260B01028,2024-11-27,NSE,EQ,EQ,buy,FALSE,1,5832.45,204358241,1100000030152549,2024-11-27T12:34:25
TI,INE133E01013,2024-11-27,NSE,EQ,EQ,buy,FALSE,60,404.65,605233103,1300000031718274,2024-11-27T12:34:25
GODFRYPHLP,INE260B01028,2024-11-27,NSE,EQ,EQ,buy,FALSE,7,5832.55,204358242,1100000030152549,2024-11-27T12:34:25
GRSE,INE382Z01011,2024-11-27,NSE,EQ,EQ,buy,FALSE,22,1631.95,204358253,1100000030152661,2024-11-27T12:34:25
BANCOINDIA,INE213C01025,2024-11-27,NSE,EQ,EQ,buy,FALSE,5,1114.65,4782820,1000000031243895,2024-11-27T12:34:25
BANCOINDIA,INE213C01025,2024-11-27,NSE,EQ,EQ,buy,FALSE,5,1114.7,4782821,1000000031243895,2024-11-27T12:34:25
BANCOINDIA,INE213C01025,2024-11-27,NSE,EQ,EQ,buy,FALSE,5,1114.75,4782822,1000000031243895,2024-11-27T12:34:25
TI,INE133E01013,2024-11-27,NSE,EQ,EQ,buy,FALSE,9,404.7,605233105,1300000031718274,2024-11-27T12:34:25
TI,INE133E01013,2024-11-27,NSE,EQ,EQ,buy,FALSE,5,404.65,605233104,1300000031718274,2024-11-27T12:34:25
BANCOINDIA,INE213C01025,2024-11-27,NSE,EQ,EQ,buy,FALSE,2,1115,4782827,1000000031243895,2024-11-27T12:34:25
BANCOINDIA,INE213C01025,2024-11-27,NSE,EQ,EQ,buy,FALSE,4,1114.95,4782826,1000000031243895,2024-11-27T12:34:25
TI,INE133E01013,2024-11-27,NSE,EQ,EQ,buy,FALSE,4,404.7,605233111,1300000031718274,2024-11-27T12:34:25
TI,INE133E01013,2024-11-27,NSE,EQ,EQ,buy,FALSE,4,404.7,605233110,1300000031718274,2024-11-27T12:34:25
TI,INE133E01013,2024-11-27,NSE,EQ,EQ,buy,FALSE,9,404.7,605233109,1300000031718274,2024-11-27T12:34:25
TI,INE133E01013,2024-11-27,NSE,EQ,EQ,buy,FALSE,4,404.7,605233108,1300000031718274,2024-11-27T12:34:25
TI,INE133E01013,2024-11-27,NSE,EQ,EQ,buy,FALSE,9,404.7,605233107,1300000031718274,2024-11-27T12:34:25
TI,INE133E01013,2024-11-27,NSE,EQ,EQ,buy,FALSE,4,404.7,605233106,1300000031718274,2024-11-27T12:34:25
TI,INE133E01013,2024-11-27,NSE,EQ,EQ,buy,FALSE,80,404.9,605252321,1300000031847938,2024-11-27T12:35:31
TI,INE133E01013,2024-11-27,NSE,EQ,EQ,buy,FALSE,28,404.9,605252320,1300000031847938,2024-11-27T12:35:31
BANCOINDIA,INE213C01025,2024-11-27,NSE,EQ,EQ,buy,FALSE,31,1115,4800791,1000000031383029,2024-11-27T12:35:31
BANCOINDIA,INE213C01025,2024-11-27,NSE,EQ,EQ,buy,FALSE,8,1114.95,4800790,1000000031383029,2024-11-27T12:35:31
GRSE,INE382Z01011,2024-11-27,NSE,EQ,EQ,buy,FALSE,9,1632.05,204378285,1100000030290151,2024-11-27T12:35:32
GODFRYPHLP,INE260B01028,2024-11-27,NSE,EQ,EQ,buy,FALSE,1,5845,204378266,1100000030289910,2024-11-27T12:35:32
GODFRYPHLP,INE260B01028,2024-11-27,NSE,EQ,EQ,buy,FALSE,2,5845,204378267,1100000030289910,2024-11-27T12:35:32
GODFRYPHLP,INE260B01028,2024-11-27,NSE,EQ,EQ,buy,FALSE,4,5845.1,204378268,1100000030289910,2024-11-27T12:35:32
GODFRYPHLP,INE260B01028,2024-11-27,NSE,EQ,EQ,buy,FALSE,1,5845.35,204378269,1100000030289910,2024-11-27T12:35:32
GRSE,INE382Z01011,2024-11-27,NSE,EQ,EQ,buy,FALSE,7,1632.3,204378289,1100000030290151,2024-11-27T12:35:32
GRSE,INE382Z01011,2024-11-27,NSE,EQ,EQ,buy,FALSE,7,1632.2,204378286,1100000030290151,2024-11-27T12:35:32
GRSE,INE382Z01011,2024-11-27,NSE,EQ,EQ,buy,FALSE,2,1632.3,204378287,1100000030290151,2024-11-27T12:35:32
GRSE,INE382Z01011,2024-11-27,NSE,EQ,EQ,buy,FALSE,2,1632.3,204378288,1100000030290151,2024-11-27T12:35:32
IIFLSEC,INE489L01022,2024-11-27,NSE,EQ,EQ,buy,FALSE,32,334.55,204378301,1100000030290345,2024-11-27T12:35:32
IIFLSEC,INE489L01022,2024-11-27,NSE,EQ,EQ,buy,FALSE,31,334.5,204378300,1100000030290345,2024-11-27T12:35:32
IIFLSEC,INE489L01022,2024-11-27,NSE,EQ,EQ,buy,FALSE,43,334.5,204378299,1100000030290345,2024-11-27T12:35:32
IIFLSEC,INE489L01022,2024-11-27,NSE,EQ,EQ,buy,FALSE,1,334.35,204378298,1100000030290345,2024-11-27T12:35:32
IIFLSEC,INE489L01022,2024-11-27,NSE,EQ,EQ,buy,FALSE,4,334.55,204378302,1100000030290345,2024-11-27T12:35:32
MPHASIS,INE356A01018,2024-11-27,NSE,EQ,EQ,buy,FALSE,3,3020.9,405091408,1200000035170118,2024-11-27T12:35:32
IIFLSEC,INE489L01022,2024-11-27,NSE,EQ,EQ,buy,FALSE,20,334.3,204378297,1100000030290345,2024-11-27T12:35:32
MPHASIS,INE356A01018,2024-11-27,NSE,EQ,EQ,buy,FALSE,11,3020.9,405091407,1200000035170118,2024-11-27T12:35:32
GRSE,INE382Z01011,2024-11-27,NSE,EQ,EQ,buy,FALSE,4,1630.85,204402142,1100000030460367,2024-11-27T12:36:58
GRSE,INE382Z01011,2024-11-27,NSE,EQ,EQ,buy,FALSE,3,1630.85,204402141,1100000030460367,2024-11-27T12:36:58
IIFLSEC,INE489L01022,2024-11-27,NSE,EQ,EQ,buy,FALSE,119,334.45,204402163,1100000030460519,2024-11-27T12:36:58
GODFRYPHLP,INE260B01028,2024-11-27,NSE,EQ,EQ,buy,FALSE,7,5845.95,204402134,1100000030460295,2024-11-27T12:36:58
MPHASIS,INE356A01018,2024-11-27,NSE,EQ,EQ,buy,FALSE,14,3020,405115063,1200000035353715,2024-11-27T12:36:58
GODFRYPHLP,INE260B01028,2024-11-27,NSE,EQ,EQ,buy,FALSE,1,5846.2,204402135,1100000030460295,2024-11-27T12:36:58
IIFLSEC,INE489L01022,2024-11-27,NSE,EQ,EQ,buy,FALSE,2,334.45,204402162,1100000030460519,2024-11-27T12:36:58
IIFLSEC,INE489L01022,2024-11-27,NSE,EQ,EQ,buy,FALSE,10,334.45,204402161,1100000030460519,2024-11-27T12:36:58
GRSE,INE382Z01011,2024-11-27,NSE,EQ,EQ,buy,FALSE,2,1630.85,204402147,1100000030460367,2024-11-27T12:36:58
GRSE,INE382Z01011,2024-11-27,NSE,EQ,EQ,buy,FALSE,4,1630.85,204402146,1100000030460367,2024-11-27T12:36:58
GRSE,INE382Z01011,2024-11-27,NSE,EQ,EQ,buy,FALSE,5,1630.85,204402145,1100000030460367,2024-11-27T12:36:58
GRSE,INE382Z01011,2024-11-27,NSE,EQ,EQ,buy,FALSE,4,1630.85,204402144,1100000030460367,2024-11-27T12:36:58
GRSE,INE382Z01011,2024-11-27,NSE,EQ,EQ,buy,FALSE,5,1630.85,204402143,1100000030460367,2024-11-27T12:36:58
BANCOINDIA,INE213C01025,2024-11-27,NSE,EQ,EQ,buy,FALSE,1,1115,4826475,1000000031555415,2024-11-27T12:36:58
BANCOINDIA,INE213C01025,2024-11-27,NSE,EQ,EQ,buy,FALSE,5,1115,4826476,1000000031555415,2024-11-27T12:36:58
BANCOINDIA,INE213C01025,2024-11-27,NSE,EQ,EQ,buy,FALSE,3,1115,4826477,1000000031555415,2024-11-27T12:36:58
BANCOINDIA,INE213C01025,2024-11-27,NSE,EQ,EQ,buy,FALSE,6,1115.45,4826478,1000000031555415,2024-11-27T12:36:58
BANCOINDIA,INE213C01025,2024-11-27,NSE,EQ,EQ,buy,FALSE,1,1115.5,4826479,1000000031555415,2024-11-27T12:36:58
BANCOINDIA,INE213C01025,2024-11-27,NSE,EQ,EQ,buy,FALSE,6,1115.5,4826480,1000000031555415,2024-11-27T12:36:58
BANCOINDIA,INE213C01025,2024-11-27,NSE,EQ,EQ,buy,FALSE,1,1115.5,4826481,1000000031555415,2024-11-27T12:36:58
BANCOINDIA,INE213C01025,2024-11-27,NSE,EQ,EQ,buy,FALSE,1,1115.55,4826482,1000000031555415,2024-11-27T12:36:58
BANCOINDIA,INE213C01025,2024-11-27,NSE,EQ,EQ,buy,FALSE,6,1115.55,4826483,1000000031555415,2024-11-27T12:36:58
TI,INE133E01013,2024-11-27,NSE,EQ,EQ,buy,FALSE,5,404.45,605276967,1300000032018031,2024-11-27T12:36:58
TI,INE133E01013,2024-11-27,NSE,EQ,EQ,buy,FALSE,86,404.5,605276968,1300000032018031,2024-11-27T12:36:58
TI,INE133E01013,2024-11-27,NSE,EQ,EQ,buy,FALSE,17,404.55,605276969,1300000032018031,2024-11-27T12:36:58
BANCOINDIA,INE213C01025,2024-11-27,NSE,EQ,EQ,buy,FALSE,3,1115.55,4826484,1000000031555415,2024-11-27T12:36:58
BANCOINDIA,INE213C01025,2024-11-27,NSE,EQ,EQ,buy,FALSE,5,1115.6,4826485,1000000031555415,2024-11-27T12:36:58
BANCOINDIA,INE213C01025,2024-11-27,NSE,EQ,EQ,buy,FALSE,1,1115,4826474,1000000031555415,2024-11-27T12:36:58
GODFRYPHLP,INE260B01028,2024-12-23,NSE,EQ,EQ,buy,FALSE,1,5169,206484362,1100000049330090,2024-12-23T13:40:13
BANCOINDIA,INE213C01025,2024-12-23,NSE,EQ,EQ,buy,FALSE,1,960.95,4722059,1000000044962190,2024-12-23T13:40:13
BANCOINDIA,INE213C01025,2024-12-23,NSE,EQ,EQ,buy,FALSE,1,960.95,4722060,1000000044962190,2024-12-23T13:40:13
BANCOINDIA,INE213C01025,2024-12-23,NSE,EQ,EQ,buy,FALSE,1,960.95,4722061,1000000044962190,2024-12-23T13:40:13
BANCOINDIA,INE213C01025,2024-12-23,NSE,EQ,EQ,buy,FALSE,1,960.95,4722062,1000000044962190,2024-12-23T13:40:13
BANCOINDIA,INE213C01025,2024-12-23,NSE,EQ,EQ,buy,FALSE,1,960.95,4722063,1000000044962190,2024-12-23T13:40:13
BANCOINDIA,INE213C01025,2024-12-23,NSE,EQ,EQ,buy,FALSE,25,961,4722064,1000000044962190,2024-12-23T13:40:13
BANCOINDIA,INE213C01025,2024-12-23,NSE,EQ,EQ,buy,FALSE,4,960.95,4722058,1000000044962190,2024-12-23T13:40:13
PCBL,INE602A01031,2024-12-23,NSE,EQ,EQ,buy,FALSE,71,459.8,406366699,1200000054629637,2024-12-23T13:40:13
GRANULES,INE101D01020,2024-12-23,NSE,EQ,EQ,buy,FALSE,22,588.55,206484299,1100000049329452,2024-12-23T13:40:13
GRANULES,INE101D01020,2024-12-23,NSE,EQ,EQ,buy,FALSE,5,588.6,206484300,1100000049329452,2024-12-23T13:40:13
GRANULES,INE101D01020,2024-12-23,NSE,EQ,EQ,buy,FALSE,6,588.6,206484301,1100000049329452,2024-12-23T13:40:13
GRANULES,INE101D01020,2024-12-23,NSE,EQ,EQ,buy,FALSE,15,588.6,206484302,1100000049329452,2024-12-23T13:40:13
GRANULES,INE101D01020,2024-12-23,NSE,EQ,EQ,buy,FALSE,5,588.6,206484303,1100000049329452,2024-12-23T13:40:13
GRANULES,INE101D01020,2024-12-23,NSE,EQ,EQ,buy,FALSE,2,588.6,206484304,1100000049329452,2024-12-23T13:40:13
GODFRYPHLP,INE260B01028,2024-12-23,NSE,EQ,EQ,buy,FALSE,1,5169,206484359,1100000049330090,2024-12-23T13:40:13
GODFRYPHLP,INE260B01028,2024-12-23,NSE,EQ,EQ,buy,FALSE,3,5169,206484360,1100000049330090,2024-12-23T13:40:13
GODFRYPHLP,INE260B01028,2024-12-23,NSE,EQ,EQ,buy,FALSE,1,5169,206484361,1100000049330090,2024-12-23T13:40:13
KEC,INE389H01022,2024-12-23,NSE,EQ,EQ,buy,FALSE,2,1214.45,406366902,1200000054632111,2024-12-23T13:40:14
KEC,INE389H01022,2024-12-23,NSE,EQ,EQ,buy,FALSE,1,1214.45,406366900,1200000054632111,2024-12-23T13:40:14
KEC,INE389H01022,2024-12-23,NSE,EQ,EQ,buy,FALSE,1,1214.45,406366899,1200000054632111,2024-12-23T13:40:14
KEC,INE389H01022,2024-12-23,NSE,EQ,EQ,buy,FALSE,3,1214.45,406366898,1200000054632111,2024-12-23T13:40:14
KEC,INE389H01022,2024-12-23,NSE,EQ,EQ,buy,FALSE,2,1214.45,406366897,1200000054632111,2024-12-23T13:40:14
KEC,INE389H01022,2024-12-23,NSE,EQ,EQ,buy,FALSE,2,1214.45,406366896,1200000054632111,2024-12-23T13:40:14
APARINDS,INE372A01015,2024-12-23,NSE,EQ,EQ,buy,FALSE,3,9930,4722086,1000000044962540,2024-12-23T13:40:14
KEC,INE389H01022,2024-12-23,NSE,EQ,EQ,buy,FALSE,2,1214.45,406366901,1200000054632111,2024-12-23T13:40:14
KEC,INE389H01022,2024-12-23,NSE,EQ,EQ,buy,FALSE,1,1214.45,406366910,1200000054632111,2024-12-23T13:40:14
KEC,INE389H01022,2024-12-23,NSE,EQ,EQ,buy,FALSE,1,1214.45,406366909,1200000054632111,2024-12-23T13:40:14
KEC,INE389H01022,2024-12-23,NSE,EQ,EQ,buy,FALSE,3,1214.45,406366908,1200000054632111,2024-12-23T13:40:14
KEC,INE389H01022,2024-12-23,NSE,EQ,EQ,buy,FALSE,2,1214.45,406366907,1200000054632111,2024-12-23T13:40:14
KEC,INE389H01022,2024-12-23,NSE,EQ,EQ,buy,FALSE,2,1214.45,406366906,1200000054632111,2024-12-23T13:40:14
KEC,INE389H01022,2024-12-23,NSE,EQ,EQ,buy,FALSE,1,1214.45,406366905,1200000054632111,2024-12-23T13:40:14
KEC,INE389H01022,2024-12-23,NSE,EQ,EQ,buy,FALSE,1,1214.45,406366904,1200000054632111,2024-12-23T13:40:14
KEC,INE389H01022,2024-12-23,NSE,EQ,EQ,buy,FALSE,3,1214.45,406366903,1200000054632111,2024-12-23T13:40:14
HINDZINC,INE267A01025,2024-12-23,NSE,EQ,EQ,buy,FALSE,107,466,206487778,1100000049363896,2024-12-23T13:40:27
PGEL,INE457L01029,2024-12-23,NSE,EQ,EQ,buy,FALSE,4,945.35,406370317,1200000054669050,2024-12-23T13:40:28
IMAGICAA,INE172N01012,2024-12-23,NSE,EQ,EQ,buy,FALSE,143,72.4,206487859,1100000049365499,2024-12-23T13:40:28
IMAGICAA,INE172N01012,2024-12-23,NSE,EQ,EQ,buy,FALSE,45,72.41,206487860,1100000049365499,2024-12-23T13:40:28
IMAGICAA,INE172N01012,2024-12-23,NSE,EQ,EQ,buy,FALSE,11,72.41,206487861,1100000049365499,2024-12-23T13:40:28
IMAGICAA,INE172N01012,2024-12-23,NSE,EQ,EQ,buy,FALSE,105,72.41,206487862,1100000049365499,2024-12-23T13:40:28
IMAGICAA,INE172N01012,2024-12-23,NSE,EQ,EQ,buy,FALSE,218,72.41,206487863,1100000049365499,2024-12-23T13:40:28
IMAGICAA,INE172N01012,2024-12-23,NSE,EQ,EQ,buy,FALSE,4,72.41,206487864,1100000049365499,2024-12-23T13:40:28
IMAGICAA,INE172N01012,2024-12-23,NSE,EQ,EQ,buy,FALSE,45,72.41,206487865,1100000049365499,2024-12-23T13:40:28
IMAGICAA,INE172N01012,2024-12-23,NSE,EQ,EQ,buy,FALSE,109,72.41,206487866,1100000049365499,2024-12-23T13:40:28
M&M,INE101A01026,2024-12-23,NSE,EQ,EQ,buy,FALSE,17,2901.4,406370300,1200000054668590,2024-12-23T13:40:28
WABAG,INE956G01038,2024-12-23,NSE,EQ,EQ,buy,FALSE,31,1590.45,606308094,1300000049257000,2024-12-23T13:40:28
SARDAEN,INE385C01021,2024-12-23,NSE,EQ,EQ,buy,FALSE,9,470.9,606308063,1300000049256482,2024-12-23T13:40:28
SARDAEN,INE385C01021,2024-12-23,NSE,EQ,EQ,buy,FALSE,15,470.9,606308062,1300000049256482,2024-12-23T13:40:28
SARDAEN,INE385C01021,2024-12-23,NSE,EQ,EQ,buy,FALSE,19,470.9,606308061,1300000049256482,2024-12-23T13:40:28
SARDAEN,INE385C01021,2024-12-23,NSE,EQ,EQ,buy,FALSE,20,470.9,606308060,1300000049256482,2024-12-23T13:40:28
SARDAEN,INE385C01021,2024-12-23,NSE,EQ,EQ,buy,FALSE,4,470.9,606308059,1300000049256482,2024-12-23T13:40:28
SARDAEN,INE385C01021,2024-12-23,NSE,EQ,EQ,buy,FALSE,19,470.9,606308058,1300000049256482,2024-12-23T13:40:28
SARDAEN,INE385C01021,2024-12-23,NSE,EQ,EQ,buy,FALSE,20,470.9,606308057,1300000049256482,2024-12-23T13:40:28
PGEL,INE457L01029,2024-12-23,NSE,EQ,EQ,buy,FALSE,5,945.35,406370319,1200000054669050,2024-12-23T13:40:28
PGEL,INE457L01029,2024-12-23,NSE,EQ,EQ,buy,FALSE,3,945.35,406370320,1200000054669050,2024-12-23T13:40:28
PGEL,INE457L01029,2024-12-23,NSE,EQ,EQ,buy,FALSE,4,945.35,406370321,1200000054669050,2024-12-23T13:40:28
PGEL,INE457L01029,2024-12-23,NSE,EQ,EQ,buy,FALSE,2,945.35,406370322,1200000054669050,2024-12-23T13:40:28
PGEL,INE457L01029,2024-12-23,NSE,EQ,EQ,buy,FALSE,12,945.45,406370323,1200000054669050,2024-12-23T13:40:28
PGEL,INE457L01029,2024-12-23,NSE,EQ,EQ,buy,FALSE,21,945.5,406370324,1200000054669050,2024-12-23T13:40:28
PGEL,INE457L01029,2024-12-23,NSE,EQ,EQ,buy,FALSE,3,945.35,406370318,1200000054669050,2024-12-23T13:40:28
PCBL,INE602A01031,2024-12-23,NSE,EQ,EQ,buy,FALSE,42,459.9,406372736,1200000054694289,2024-12-23T13:40:37
PCBL,INE602A01031,2024-12-23,NSE,EQ,EQ,buy,FALSE,29,460,406372737,1200000054694289,2024-12-23T13:40:37
GRANULES,INE101D01020,2024-12-23,NSE,EQ,EQ,buy,FALSE,5,588.65,206490721,1100000049389533,2024-12-23T13:40:37
GRANULES,INE101D01020,2024-12-23,NSE,EQ,EQ,buy,FALSE,4,588.65,206490720,1100000049389533,2024-12-23T13:40:37
GRANULES,INE101D01020,2024-12-23,NSE,EQ,EQ,buy,FALSE,1,588.65,206490719,1100000049389533,2024-12-23T13:40:37
GRANULES,INE101D01020,2024-12-23,NSE,EQ,EQ,buy,FALSE,17,588.6,206490718,1100000049389533,2024-12-23T13:40:37
GRANULES,INE101D01020,2024-12-23,NSE,EQ,EQ,buy,FALSE,16,588.5,206490717,1100000049389533,2024-12-23T13:40:37
GRANULES,INE101D01020,2024-12-23,NSE,EQ,EQ,buy,FALSE,12,588.65,206490722,1100000049389533,2024-12-23T13:40:37
GODFRYPHLP,INE260B01028,2024-12-23,NSE,EQ,EQ,buy,FALSE,3,5169,206490910,1100000049390469,2024-12-23T13:40:37
GODFRYPHLP,INE260B01028,2024-12-23,NSE,EQ,EQ,buy,FALSE,1,5169,206490911,1100000049390469,2024-12-23T13:40:37
GODFRYPHLP,INE260B01028,2024-12-23,NSE,EQ,EQ,buy,FALSE,1,5169,206490912,1100000049390469,2024-12-23T13:40:37
GODFRYPHLP,INE260B01028,2024-12-23,NSE,EQ,EQ,buy,FALSE,1,5169,206490913,1100000049390469,2024-12-23T13:40:37
BANCOINDIA,INE213C01025,2024-12-23,NSE,EQ,EQ,buy,FALSE,15,961,4728058,1000000045022034,2024-12-23T13:40:38
BANCOINDIA,INE213C01025,2024-12-23,NSE,EQ,EQ,buy,FALSE,1,961,4728059,1000000045022034,2024-12-23T13:40:38
BANCOINDIA,INE213C01025,2024-12-23,NSE,EQ,EQ,buy,FALSE,15,961,4728060,1000000045022034,2024-12-23T13:40:38
APARINDS,INE372A01015,2024-12-23,NSE,EQ,EQ,buy,FALSE,3,9930,4728095,1000000045022373,2024-12-23T13:40:38
BANCOINDIA,INE213C01025,2024-12-23,NSE,EQ,EQ,buy,FALSE,1,960.95,4728055,1000000045022034,2024-12-23T13:40:38
BANCOINDIA,INE213C01025,2024-12-23,NSE,EQ,EQ,buy,FALSE,1,960.95,4728056,1000000045022034,2024-12-23T13:40:38
BANCOINDIA,INE213C01025,2024-12-23,NSE,EQ,EQ,buy,FALSE,1,960.95,4728057,1000000045022034,2024-12-23T13:40:38
KEC,INE389H01022,2024-12-23,NSE,EQ,EQ,buy,FALSE,2,1214.4,406372786,1200000054695195,2024-12-23T13:40:38
KEC,INE389H01022,2024-12-23,NSE,EQ,EQ,buy,FALSE,9,1214.4,406372787,1200000054695195,2024-12-23T13:40:38
KEC,INE389H01022,2024-12-23,NSE,EQ,EQ,buy,FALSE,9,1214.4,406372788,1200000054695195,2024-12-23T13:40:38
KEC,INE389H01022,2024-12-23,NSE,EQ,EQ,buy,FALSE,4,1214.4,406372789,1200000054695195,2024-12-23T13:40:38
KEC,INE389H01022,2024-12-23,NSE,EQ,EQ,buy,FALSE,1,1214.4,406372790,1200000054695195,2024-12-23T13:40:38
KEC,INE389H01022,2024-12-23,NSE,EQ,EQ,buy,FALSE,2,1214.4,406372791,1200000054695195,2024-12-23T13:40:38
HINDZINC,INE267A01025,2024-12-23,NSE,EQ,EQ,buy,FALSE,22,466.15,206493192,1100000049408847,2024-12-23T13:40:45
HINDZINC,INE267A01025,2024-12-23,NSE,EQ,EQ,buy,FALSE,14,466.15,206493191,1100000049408847,2024-12-23T13:40:45
HINDZINC,INE267A01025,2024-12-23,NSE,EQ,EQ,buy,FALSE,24,466.15,206493195,1100000049408847,2024-12-23T13:40:45
HINDZINC,INE267A01025,2024-12-23,NSE,EQ,EQ,buy,FALSE,22,466.15,206493194,1100000049408847,2024-12-23T13:40:45
HINDZINC,INE267A01025,2024-12-23,NSE,EQ,EQ,buy,FALSE,25,466.15,206493193,1100000049408847,2024-12-23T13:40:45
IMAGICAA,INE172N01012,2024-12-23,NSE,EQ,EQ,buy,FALSE,85,72.48,206493228,1100000049409099,2024-12-23T13:40:46
IMAGICAA,INE172N01012,2024-12-23,NSE,EQ,EQ,buy,FALSE,14,72.48,206493229,1100000049409099,2024-12-23T13:40:46
IMAGICAA,INE172N01012,2024-12-23,NSE,EQ,EQ,buy,FALSE,1,72.48,206493230,1100000049409099,2024-12-23T13:40:46
IMAGICAA,INE172N01012,2024-12-23,NSE,EQ,EQ,buy,FALSE,194,72.48,206493231,1100000049409099,2024-12-23T13:40:46
IMAGICAA,INE172N01012,2024-12-23,NSE,EQ,EQ,buy,FALSE,136,72.47,206493221,1100000049409099,2024-12-23T13:40:46
IMAGICAA,INE172N01012,2024-12-23,NSE,EQ,EQ,buy,FALSE,105,72.47,206493223,1100000049409099,2024-12-23T13:40:46
IMAGICAA,INE172N01012,2024-12-23,NSE,EQ,EQ,buy,FALSE,45,72.47,206493222,1100000049409099,2024-12-23T13:40:46
IMAGICAA,INE172N01012,2024-12-23,NSE,EQ,EQ,buy,FALSE,62,72.48,206493224,1100000049409099,2024-12-23T13:40:46
IMAGICAA,INE172N01012,2024-12-23,NSE,EQ,EQ,buy,FALSE,31,72.48,206493225,1100000049409099,2024-12-23T13:40:46
IMAGICAA,INE172N01012,2024-12-23,NSE,EQ,EQ,buy,FALSE,6,72.48,206493226,1100000049409099,2024-12-23T13:40:46
IMAGICAA,INE172N01012,2024-12-23,NSE,EQ,EQ,buy,FALSE,1,72.48,206493227,1100000049409099,2024-12-23T13:40:46
SARDAEN,INE385C01021,2024-12-23,NSE,EQ,EQ,buy,FALSE,50,470.95,606312353,1300000049299435,2024-12-23T13:40:46
M&M,INE101A01026,2024-12-23,NSE,EQ,EQ,buy,FALSE,17,2901.25,406374575,1200000054714703,2024-12-23T13:40:46
PGEL,INE457L01029,2024-12-23,NSE,EQ,EQ,buy,FALSE,1,944.8,406374604,1200000054714917,2024-12-23T13:40:46
PGEL,INE457L01029,2024-12-23,NSE,EQ,EQ,buy,FALSE,7,944.8,406374605,1200000054714917,2024-12-23T13:40:46
PGEL,INE457L01029,2024-12-23,NSE,EQ,EQ,buy,FALSE,16,944.8,406374606,1200000054714917,2024-12-23T13:40:46
PGEL,INE457L01029,2024-12-23,NSE,EQ,EQ,buy,FALSE,16,944.85,406374607,1200000054714917,2024-12-23T13:40:46
PGEL,INE457L01029,2024-12-23,NSE,EQ,EQ,buy,FALSE,1,944.95,406374608,1200000054714917,2024-12-23T13:40:46
PGEL,INE457L01029,2024-12-23,NSE,EQ,EQ,buy,FALSE,13,944.95,406374609,1200000054714917,2024-12-23T13:40:46
SARDAEN,INE385C01021,2024-12-23,NSE,EQ,EQ,buy,FALSE,20,470.95,606312351,1300000049299435,2024-12-23T13:40:46
SARDAEN,INE385C01021,2024-12-23,NSE,EQ,EQ,buy,FALSE,25,470.95,606312352,1300000049299435,2024-12-23T13:40:46
SARDAEN,INE385C01021,2024-12-23,NSE,EQ,EQ,buy,FALSE,11,470.95,606312354,1300000049299435,2024-12-23T13:40:46
WABAG,INE956G01038,2024-12-23,NSE,EQ,EQ,buy,FALSE,31,1590.45,606312404,1300000049299725,2024-12-23T13:40:46
PCBL,INE602A01031,2024-12-23,NSE,EQ,EQ,buy,FALSE,71,460,406376182,1200000054731537,2024-12-23T13:40:53
KEC,INE389H01022,2024-12-23,NSE,EQ,EQ,buy,FALSE,27,1214.4,406376309,1200000054733480,2024-12-23T13:40:53
APARINDS,INE372A01015,2024-12-23,NSE,EQ,EQ,buy,FALSE,1,9965,4731721,1000000045058388,2024-12-23T13:40:53
GRANULES,INE101D01020,2024-12-23,NSE,EQ,EQ,buy,FALSE,55,588.75,206495143,1100000049424613,2024-12-23T13:40:53
GODFRYPHLP,INE260B01028,2024-12-23,NSE,EQ,EQ,buy,FALSE,1,5168.95,206495189,1100000049425055,2024-12-23T13:40:53
GODFRYPHLP,INE260B01028,2024-12-23,NSE,EQ,EQ,buy,FALSE,1,5168.95,206495190,1100000049425055,2024-12-23T13:40:53
GODFRYPHLP,INE260B01028,2024-12-23,NSE,EQ,EQ,buy,FALSE,4,5169,206495191,1100000049425055,2024-12-23T13:40:53
APARINDS,INE372A01015,2024-12-23,NSE,EQ,EQ,buy,FALSE,1,9968.25,4731723,1000000045058388,2024-12-23T13:40:53
APARINDS,INE372A01015,2024-12-23,NSE,EQ,EQ,buy,FALSE,1,9965,4731722,1000000045058388,2024-12-23T13:40:53
BANCOINDIA,INE213C01025,2024-12-23,NSE,EQ,EQ,buy,FALSE,9,959.85,4731674,1000000045058103,2024-12-23T13:40:53
BANCOINDIA,INE213C01025,2024-12-23,NSE,EQ,EQ,buy,FALSE,1,959.85,4731673,1000000045058103,2024-12-23T13:40:53
BANCOINDIA,INE213C01025,2024-12-23,NSE,EQ,EQ,buy,FALSE,24,959.8,4731672,1000000045058103,2024-12-23T13:40:53
HINDZINC,INE267A01025,2024-12-23,NSE,EQ,EQ,buy,FALSE,1,466.25,206497851,1100000049448977,2024-12-23T13:41:03
HINDZINC,INE267A01025,2024-12-23,NSE,EQ,EQ,buy,FALSE,53,466.25,206497852,1100000049448977,2024-12-23T13:41:03
HINDZINC,INE267A01025,2024-12-23,NSE,EQ,EQ,buy,FALSE,1,466.25,206497853,1100000049448977,2024-12-23T13:41:03
HINDZINC,INE267A01025,2024-12-23,NSE,EQ,EQ,buy,FALSE,11,466.3,206497854,1100000049448977,2024-12-23T13:41:03
HINDZINC,INE267A01025,2024-12-23,NSE,EQ,EQ,buy,FALSE,9,466.3,206497855,1100000049448977,2024-12-23T13:41:03
HINDZINC,INE267A01025,2024-12-23,NSE,EQ,EQ,buy,FALSE,28,466.35,206497856,1100000049448977,2024-12-23T13:41:03
HINDZINC,INE267A01025,2024-12-23,NSE,EQ,EQ,buy,FALSE,4,466.25,206497850,1100000049448977,2024-12-23T13:41:03
IMAGICAA,INE172N01012,2024-12-23,NSE,EQ,EQ,buy,FALSE,45,72.48,206497891,1100000049449195,2024-12-23T13:41:04
IMAGICAA,INE172N01012,2024-12-23,NSE,EQ,EQ,buy,FALSE,105,72.49,206497892,1100000049449195,2024-12-23T13:41:04
IMAGICAA,INE172N01012,2024-12-23,NSE,EQ,EQ,buy,FALSE,21,72.49,206497893,1100000049449195,2024-12-23T13:41:04
IMAGICAA,INE172N01012,2024-12-23,NSE,EQ,EQ,buy,FALSE,125,72.47,206497888,1100000049449195,2024-12-23T13:41:04
IMAGICAA,INE172N01012,2024-12-23,NSE,EQ,EQ,buy,FALSE,1,72.47,206497887,1100000049449195,2024-12-23T13:41:04
IMAGICAA,INE172N01012,2024-12-23,NSE,EQ,EQ,buy,FALSE,40,72.47,206497886,1100000049449195,2024-12-23T13:41:04
IMAGICAA,INE172N01012,2024-12-23,NSE,EQ,EQ,buy,FALSE,140,72.47,206497883,1100000049449195,2024-12-23T13:41:04
IMAGICAA,INE172N01012,2024-12-23,NSE,EQ,EQ,buy,FALSE,11,72.47,206497885,1100000049449195,2024-12-23T13:41:04
IMAGICAA,INE172N01012,2024-12-23,NSE,EQ,EQ,buy,FALSE,1,72.47,206497884,1100000049449195,2024-12-23T13:41:04
IMAGICAA,INE172N01012,2024-12-23,NSE,EQ,EQ,buy,FALSE,105,72.48,206497890,1100000049449195,2024-12-23T13:41:04
IMAGICAA,INE172N01012,2024-12-23,NSE,EQ,EQ,buy,FALSE,86,72.48,206497889,1100000049449195,2024-12-23T13:41:04
SARDAEN,INE385C01021,2024-12-23,NSE,EQ,EQ,buy,FALSE,25,470.95,606316535,1300000049345363,2024-12-23T13:41:04
SARDAEN,INE385C01021,2024-12-23,NSE,EQ,EQ,buy,FALSE,6,470.95,606316536,1300000049345363,2024-12-23T13:41:04
SARDAEN,INE385C01021,2024-12-23,NSE,EQ,EQ,buy,FALSE,14,470.95,606316533,1300000049345363,2024-12-23T13:41:04
SARDAEN,INE385C01021,2024-12-23,NSE,EQ,EQ,buy,FALSE,11,470.95,606316537,1300000049345363,2024-12-23T13:41:04
PGEL,INE457L01029,2024-12-23,NSE,EQ,EQ,buy,FALSE,54,944.95,406378483,1200000054758834,2024-12-23T13:41:04
SARDAEN,INE385C01021,2024-12-23,NSE,EQ,EQ,buy,FALSE,50,470.95,606316534,1300000049345363,2024-12-23T13:41:04
M&M,INE101A01026,2024-12-23,NSE,EQ,EQ,buy,FALSE,17,2901,406378463,1200000054758494,2024-12-23T13:41:04
WABAG,INE956G01038,2024-12-23,NSE,EQ,EQ,buy,FALSE,31,1590.3,606316552,1300000049345632,2024-12-23T13:41:04
GRANULES,INE101D01020,2024-12-23,NSE,EQ,EQ,buy,FALSE,1,588.75,206499848,1100000049464940,2024-12-23T13:41:11
GRANULES,INE101D01020,2024-12-23,NSE,EQ,EQ,buy,FALSE,49,588.75,206499847,1100000049464940,2024-12-23T13:41:11
GRANULES,INE101D01020,2024-12-23,NSE,EQ,EQ,buy,FALSE,5,588.75,206499849,1100000049464940,2024-12-23T13:41:11
GODFRYPHLP,INE260B01028,2024-12-23,NSE,EQ,EQ,buy,FALSE,4,5169,206499875,1100000049465354,2024-12-23T13:41:11
GODFRYPHLP,INE260B01028,2024-12-23,NSE,EQ,EQ,buy,FALSE,2,5169,206499876,1100000049465354,2024-12-23T13:41:11
PCBL,INE602A01031,2024-12-23,NSE,EQ,EQ,buy,FALSE,71,460.3,406380265,1200000054775302,2024-12-23T13:41:11
KEC,INE389H01022,2024-12-23,NSE,EQ,EQ,buy,FALSE,1,1214.45,406380417,1200000054776598,2024-12-23T13:41:12
KEC,INE389H01022,2024-12-23,NSE,EQ,EQ,buy,FALSE,1,1214.5,406380419,1200000054776598,2024-12-23T13:41:12
KEC,INE389H01022,2024-12-23,NSE,EQ,EQ,buy,FALSE,1,1214.45,406380413,1200000054776598,2024-12-23T13:41:12
KEC,INE389H01022,2024-12-23,NSE,EQ,EQ,buy,FALSE,1,1214.45,406380412,1200000054776598,2024-12-23T13:41:12
KEC,INE389H01022,2024-12-23,NSE,EQ,EQ,buy,FALSE,1,1214.45,406380411,1200000054776598,2024-12-23T13:41:12
KEC,INE389H01022,2024-12-23,NSE,EQ,EQ,buy,FALSE,10,1214.45,406380410,1200000054776598,2024-12-23T13:41:12
KEC,INE389H01022,2024-12-23,NSE,EQ,EQ,buy,FALSE,4,1214.45,406380416,1200000054776598,2024-12-23T13:41:12
KEC,INE389H01022,2024-12-23,NSE,EQ,EQ,buy,FALSE,3,1214.45,406380418,1200000054776598,2024-12-23T13:41:12
KEC,INE389H01022,2024-12-23,NSE,EQ,EQ,buy,FALSE,4,1214.45,406380414,1200000054776598,2024-12-23T13:41:12
KEC,INE389H01022,2024-12-23,NSE,EQ,EQ,buy,FALSE,1,1214.45,406380415,1200000054776598,2024-12-23T13:41:12
APARINDS,INE372A01015,2024-12-23,NSE,EQ,EQ,buy,FALSE,1,9984.65,4735234,1000000045097706,2024-12-23T13:41:12
APARINDS,INE372A01015,2024-12-23,NSE,EQ,EQ,buy,FALSE,2,9984.65,4735235,1000000045097706,2024-12-23T13:41:12
BANCOINDIA,INE213C01025,2024-12-23,NSE,EQ,EQ,buy,FALSE,8,959.9,4735210,1000000045097413,2024-12-23T13:41:12
BANCOINDIA,INE213C01025,2024-12-23,NSE,EQ,EQ,buy,FALSE,25,959.6,4735209,1000000045097413,2024-12-23T13:41:12
BANCOINDIA,INE213C01025,2024-12-23,NSE,EQ,EQ,buy,FALSE,1,959,4735208,1000000045097413,2024-12-23T13:41:12
IMAGICAA,INE172N01012,2024-12-23,NSE,EQ,EQ,buy,FALSE,98,72.47,206501769,1100000049482180,2024-12-23T13:41:19
IMAGICAA,INE172N01012,2024-12-23,NSE,EQ,EQ,buy,FALSE,105,72.47,206501770,1100000049482180,2024-12-23T13:41:19
IMAGICAA,INE172N01012,2024-12-23,NSE,EQ,EQ,buy,FALSE,1,72.47,206501771,1100000049482180,2024-12-23T13:41:19
IMAGICAA,INE172N01012,2024-12-23,NSE,EQ,EQ,buy,FALSE,11,72.48,206501772,1100000049482180,2024-12-23T13:41:19
IMAGICAA,INE172N01012,2024-12-23,NSE,EQ,EQ,buy,FALSE,6,72.48,206501773,1100000049482180,2024-12-23T13:41:19
IMAGICAA,INE172N01012,2024-12-23,NSE,EQ,EQ,buy,FALSE,27,72.45,206501763,1100000049482180,2024-12-23T13:41:19
IMAGICAA,INE172N01012,2024-12-23,NSE,EQ,EQ,buy,FALSE,77,72.45,206501762,1100000049482180,2024-12-23T13:41:19
IMAGICAA,INE172N01012,2024-12-23,NSE,EQ,EQ,buy,FALSE,1,72.45,206501761,1100000049482180,2024-12-23T13:41:19
IMAGICAA,INE172N01012,2024-12-23,NSE,EQ,EQ,buy,FALSE,135,72.44,206501760,1100000049482180,2024-12-23T13:41:19
IMAGICAA,INE172N01012,2024-12-23,NSE,EQ,EQ,buy,FALSE,11,72.44,206501759,1100000049482180,2024-12-23T13:41:19
HINDZINC,INE267A01025,2024-12-23,NSE,EQ,EQ,buy,FALSE,16,466.4,206501742,1100000049481892,2024-12-23T13:41:19
HINDZINC,INE267A01025,2024-12-23,NSE,EQ,EQ,buy,FALSE,3,466.4,206501741,1100000049481892,2024-12-23T13:41:19
HINDZINC,INE267A01025,2024-12-23,NSE,EQ,EQ,buy,FALSE,1,466.4,206501740,1100000049481892,2024-12-23T13:41:19
HINDZINC,INE267A01025,2024-12-23,NSE,EQ,EQ,buy,FALSE,11,466.4,206501739,1100000049481892,2024-12-23T13:41:19
HINDZINC,INE267A01025,2024-12-23,NSE,EQ,EQ,buy,FALSE,7,466.35,206501738,1100000049481892,2024-12-23T13:41:19
HINDZINC,INE267A01025,2024-12-23,NSE,EQ,EQ,buy,FALSE,10,466.35,206501737,1100000049481892,2024-12-23T13:41:19
HINDZINC,INE267A01025,2024-12-23,NSE,EQ,EQ,buy,FALSE,7,466.35,206501736,1100000049481892,2024-12-23T13:41:19
IMAGICAA,INE172N01012,2024-12-23,NSE,EQ,EQ,buy,FALSE,52,72.46,206501764,1100000049482180,2024-12-23T13:41:19
HINDZINC,INE267A01025,2024-12-23,NSE,EQ,EQ,buy,FALSE,52,466.3,206501735,1100000049481892,2024-12-23T13:41:19
IMAGICAA,INE172N01012,2024-12-23,NSE,EQ,EQ,buy,FALSE,105,72.46,206501765,1100000049482180,2024-12-23T13:41:19
IMAGICAA,INE172N01012,2024-12-23,NSE,EQ,EQ,buy,FALSE,11,72.46,206501766,1100000049482180,2024-12-23T13:41:19
IMAGICAA,INE172N01012,2024-12-23,NSE,EQ,EQ,buy,FALSE,39,72.46,206501767,1100000049482180,2024-12-23T13:41:19
IMAGICAA,INE172N01012,2024-12-23,NSE,EQ,EQ,buy,FALSE,1,72.47,206501768,1100000049482180,2024-12-23T13:41:19
PGEL,INE457L01029,2024-12-23,NSE,EQ,EQ,buy,FALSE,54,944.95,406382477,1200000054796731,2024-12-23T13:41:19
M&M,INE101A01026,2024-12-23,NSE,EQ,EQ,buy,FALSE,17,2900.35,406382434,1200000054796431,2024-12-23T13:41:19
SARDAEN,INE385C01021,2024-12-23,NSE,EQ,EQ,buy,FALSE,25,470.95,606319871,1300000049381164,2024-12-23T13:41:19
SARDAEN,INE385C01021,2024-12-23,NSE,EQ,EQ,buy,FALSE,15,470.95,606319873,1300000049381164,2024-12-23T13:41:19
SARDAEN,INE385C01021,2024-12-23,NSE,EQ,EQ,buy,FALSE,25,470.95,606319874,1300000049381164,2024-12-23T13:41:19
WABAG,INE956G01038,2024-12-23,NSE,EQ,EQ,buy,FALSE,3,1592.4,606319968,1300000049381464,2024-12-23T13:41:19
WABAG,INE956G01038,2024-12-23,NSE,EQ,EQ,buy,FALSE,28,1592.4,606319969,1300000049381464,2024-12-23T13:41:19
SARDAEN,INE385C01021,2024-12-23,NSE,EQ,EQ,buy,FALSE,23,470.95,606319870,1300000049381164,2024-12-23T13:41:19
SARDAEN,INE385C01021,2024-12-23,NSE,EQ,EQ,buy,FALSE,18,470.95,606319872,1300000049381164,2024-12-23T13:41:19
