Symbol,ISIN,Trade Date,Exchange,Segment,Series,Trade Type,Auction,Quantity,Price,Trade ID,Order ID,Order Execution Time
PERSISTENT,INE262H01013,08-01-2024,NSE,EQ,EQ,buy,FALSE,7,7297.95,40956060,1.20E+15,2024-01-08T09:31:06
TRENT,INE849A01020,08-01-2024,NSE,EQ,EQ,buy,FALSE,4,3072.7,61177918,1.30E+15,2024-01-08T09:31:06
NEULANDLAB,INE794A01010,08-01-2024,NSE,EQ,EQ,buy,FALSE,2,5533.3,40956190,1.20E+15,2024-01-08T09:31:06
NEULANDLAB,INE794A01010,08-01-2024,NSE,EQ,EQ,buy,FALSE,1,5533.25,40956189,1.20E+15,2024-01-08T09:31:06
AGI,INE415A01038,08-01-2024,NSE,EQ,EQ,buy,FALSE,1,895.7,21105571,1.10E+15,2024-01-08T09:31:06
AGI,INE415A01038,08-01-2024,NSE,EQ,EQ,buy,FALSE,4,895.7,21105570,1.10E+15,2024-01-08T09:31:06
AGI,INE415A01038,08-01-2024,NSE,EQ,EQ,buy,FALSE,1,895.7,21105569,1.10E+15,2024-01-08T09:31:06
AGI,INE415A01038,08-01-2024,NSE,EQ,EQ,buy,FALSE,4,895.7,21105568,1.10E+15,2024-01-08T09:31:06
AGI,INE415A01038,08-01-2024,NSE,EQ,EQ,buy,FALSE,12,895.7,21105567,1.10E+15,2024-01-08T09:31:06
AGI,INE415A01038,08-01-2024,NSE,EQ,EQ,buy,FALSE,13,895.65,21105566,1.10E+15,2024-01-08T09:31:06
FACT,INE188A01015,08-01-2024,NSE,EQ,EQ,buy,FALSE,25,805,21105921,1.10E+15,2024-01-08T09:31:06
FACT,INE188A01015,08-01-2024,NSE,EQ,EQ,buy,FALSE,1,805,21105920,1.10E+15,2024-01-08T09:31:06
FACT,INE188A01015,08-01-2024,NSE,EQ,EQ,buy,FALSE,18,805,21105919,1.10E+15,2024-01-08T09:31:06
FACT,INE188A01015,08-01-2024,NSE,EQ,EQ,buy,FALSE,13,805,21105918,1.10E+15,2024-01-08T09:31:06
GRAVITA,INE024L01027,08-01-2024,NSE,EQ,EQ,buy,FALSE,1,1068.85,21105657,1.10E+15,2024-01-08T09:31:06
GRAVITA,INE024L01027,08-01-2024,NSE,EQ,EQ,buy,FALSE,1,1068.8,21105656,1.10E+15,2024-01-08T09:31:06
GRAVITA,INE024L01027,08-01-2024,NSE,EQ,EQ,buy,FALSE,3,1068.8,21105655,1.10E+15,2024-01-08T09:31:06
GRAVITA,INE024L01027,08-01-2024,NSE,EQ,EQ,buy,FALSE,1,1068.75,21105654,1.10E+15,2024-01-08T09:31:06
GRAVITA,INE024L01027,08-01-2024,NSE,EQ,EQ,buy,FALSE,3,1068.75,21105653,1.10E+15,2024-01-08T09:31:06
GRAVITA,INE024L01027,08-01-2024,NSE,EQ,EQ,buy,FALSE,1,1068.7,21105652,1.10E+15,2024-01-08T09:31:06
GRAVITA,INE024L01027,08-01-2024,NSE,EQ,EQ,buy,FALSE,10,1068.6,21105651,1.10E+15,2024-01-08T09:31:06
GRAVITA,INE024L01027,08-01-2024,NSE,EQ,EQ,buy,FALSE,5,1068.45,21105650,1.10E+15,2024-01-08T09:31:06
AGI,INE415A01038,08-01-2024,NSE,EQ,EQ,buy,FALSE,7,895.6,21105565,1.10E+15,2024-01-08T09:31:06
AGI,INE415A01038,08-01-2024,NSE,EQ,EQ,buy,FALSE,1,895.6,21105564,1.10E+15,2024-01-08T09:31:06
AGI,INE415A01038,08-01-2024,NSE,EQ,EQ,buy,FALSE,3,895.6,21105562,1.10E+15,2024-01-08T09:31:06
AGI,INE415A01038,08-01-2024,NSE,EQ,EQ,buy,FALSE,2,895.6,21105563,1.10E+15,2024-01-08T09:31:06
GRAVITA,INE024L01027,08-01-2024,NSE,EQ,EQ,buy,FALSE,1,1068.4,21105649,1.10E+15,2024-01-08T09:31:06
GRAVITA,INE024L01027,08-01-2024,NSE,EQ,EQ,buy,FALSE,5,1068.4,21105648,1.10E+15,2024-01-08T09:31:06
GRAVITA,INE024L01027,08-01-2024,NSE,EQ,EQ,buy,FALSE,1,1068.4,21105647,1.10E+15,2024-01-08T09:31:06
GRAVITA,INE024L01027,08-01-2024,NSE,EQ,EQ,buy,FALSE,2,1068.35,21105646,1.10E+15,2024-01-08T09:31:06
GRAVITA,INE024L01027,08-01-2024,NSE,EQ,EQ,buy,FALSE,1,1068.15,21105645,1.10E+15,2024-01-08T09:31:06
GRAVITA,INE024L01027,08-01-2024,NSE,EQ,EQ,buy,FALSE,3,1068.15,21105644,1.10E+15,2024-01-08T09:31:06
GRAVITA,INE024L01027,08-01-2024,NSE,EQ,EQ,buy,FALSE,3,1068.15,21105643,1.10E+15,2024-01-08T09:31:06
GRAVITA,INE024L01027,08-01-2024,NSE,EQ,EQ,buy,FALSE,6,1068.05,21105642,1.10E+15,2024-01-08T09:31:06
AGI,INE415A01038,08-01-2024,NSE,EQ,EQ,buy,FALSE,4,895.7,21105574,1.10E+15,2024-01-08T09:31:06
AGI,INE415A01038,08-01-2024,NSE,EQ,EQ,buy,FALSE,1,895.7,21105573,1.10E+15,2024-01-08T09:31:06
SJVN,INE002L01015,08-01-2024,NSE,EQ,EQ,buy,FALSE,529,95.2,61177773,1.30E+15,2024-01-08T09:31:06
TRENT,INE849A01020,08-01-2024,NSE,EQ,EQ,buy,FALSE,12,3072.7,61177917,1.30E+15,2024-01-08T09:31:06
NEULANDLAB,INE794A01010,08-01-2024,NSE,EQ,EQ,buy,FALSE,1,5534.15,40956191,1.20E+15,2024-01-08T09:31:06
PFC,INE134E01011,08-01-2024,NSE,EQ,EQ,buy,FALSE,123,403.95,40956554,1.20E+15,2024-01-08T09:31:06
NEULANDLAB,INE794A01010,08-01-2024,NSE,EQ,EQ,buy,FALSE,1,5534.5,40956196,1.20E+15,2024-01-08T09:31:06
NEULANDLAB,INE794A01010,08-01-2024,NSE,EQ,EQ,buy,FALSE,1,5534.5,40956195,1.20E+15,2024-01-08T09:31:06
NEULANDLAB,INE794A01010,08-01-2024,NSE,EQ,EQ,buy,FALSE,1,5534.5,40956194,1.20E+15,2024-01-08T09:31:06
NEULANDLAB,INE794A01010,08-01-2024,NSE,EQ,EQ,buy,FALSE,1,5534.5,40956193,1.20E+15,2024-01-08T09:31:06
NEULANDLAB,INE794A01010,08-01-2024,NSE,EQ,EQ,buy,FALSE,1,5534.35,40956192,1.20E+15,2024-01-08T09:31:06
FACT,INE188A01015,08-01-2024,NSE,EQ,EQ,buy,FALSE,5,805.05,21105922,1.10E+15,2024-01-08T09:31:06
AGI,INE415A01038,08-01-2024,NSE,EQ,EQ,buy,FALSE,4,895.7,21105572,1.10E+15,2024-01-08T09:31:06
NIFTYBEES,INF204KB14I2,08-01-2024,NSE,EQ,EQ,buy,FALSE,21,239.8,40956696,1.20E+15,2024-01-08T09:31:07
GRAVITA,INE024L01027,08-01-2024,NSE,EQ,EQ,buy,FALSE,31,1068.45,21161726,1.10E+15,2024-01-08T09:31:59
GRAVITA,INE024L01027,08-01-2024,NSE,EQ,EQ,buy,FALSE,2,1068.4,21161725,1.10E+15,2024-01-08T09:31:59
GRAVITA,INE024L01027,08-01-2024,NSE,EQ,EQ,buy,FALSE,1,1068.4,21161724,1.10E+15,2024-01-08T09:31:59
GRAVITA,INE024L01027,08-01-2024,NSE,EQ,EQ,buy,FALSE,1,1068.4,21161723,1.10E+15,2024-01-08T09:31:59
GRAVITA,INE024L01027,08-01-2024,NSE,EQ,EQ,buy,FALSE,4,1068.35,21161722,1.10E+15,2024-01-08T09:31:59
GRAVITA,INE024L01027,08-01-2024,NSE,EQ,EQ,buy,FALSE,1,1068.35,21161721,1.10E+15,2024-01-08T09:31:59
GRAVITA,INE024L01027,08-01-2024,NSE,EQ,EQ,buy,FALSE,3,1068,21161720,1.10E+15,2024-01-08T09:31:59
GRAVITA,INE024L01027,08-01-2024,NSE,EQ,EQ,buy,FALSE,4,1067.95,21161719,1.10E+15,2024-01-08T09:31:59
AGI,INE415A01038,08-01-2024,NSE,EQ,EQ,buy,FALSE,13,894.8,21161697,1.10E+15,2024-01-08T09:31:59
FACT,INE188A01015,08-01-2024,NSE,EQ,EQ,buy,FALSE,18,804.8,21161881,1.10E+15,2024-01-08T09:31:59
AGI,INE415A01038,08-01-2024,NSE,EQ,EQ,buy,FALSE,4,894.8,21161695,1.10E+15,2024-01-08T09:31:59
AGI,INE415A01038,08-01-2024,NSE,EQ,EQ,buy,FALSE,20,894.7,21161694,1.10E+15,2024-01-08T09:31:59
AGI,INE415A01038,08-01-2024,NSE,EQ,EQ,buy,FALSE,8,894.65,21161693,1.10E+15,2024-01-08T09:31:59
AGI,INE415A01038,08-01-2024,NSE,EQ,EQ,buy,FALSE,12,894.8,21161696,1.10E+15,2024-01-08T09:31:59
FACT,INE188A01015,08-01-2024,NSE,EQ,EQ,buy,FALSE,10,804.85,21161882,1.10E+15,2024-01-08T09:31:59
SJVN,INE002L01015,08-01-2024,NSE,EQ,EQ,buy,FALSE,500,95.2,61223028,1.30E+15,2024-01-08T09:31:59
SJVN,INE002L01015,08-01-2024,NSE,EQ,EQ,buy,FALSE,29,95.25,61223029,1.30E+15,2024-01-08T09:31:59
FACT,INE188A01015,08-01-2024,NSE,EQ,EQ,buy,FALSE,14,804.9,21161883,1.10E+15,2024-01-08T09:31:59
FACT,INE188A01015,08-01-2024,NSE,EQ,EQ,buy,FALSE,20,804.95,21161884,1.10E+15,2024-01-08T09:31:59
TRENT,INE849A01020,08-01-2024,NSE,EQ,EQ,buy,FALSE,2,3068.95,61223684,1.30E+15,2024-01-08T09:32:00
TRENT,INE849A01020,08-01-2024,NSE,EQ,EQ,buy,FALSE,1,3068.95,61223685,1.30E+15,2024-01-08T09:32:00
TRENT,INE849A01020,08-01-2024,NSE,EQ,EQ,buy,FALSE,1,3068.95,61223677,1.30E+15,2024-01-08T09:32:00
TRENT,INE849A01020,08-01-2024,NSE,EQ,EQ,buy,FALSE,2,3068.95,61223686,1.30E+15,2024-01-08T09:32:00
TRENT,INE849A01020,08-01-2024,NSE,EQ,EQ,buy,FALSE,1,3069.25,61223687,1.30E+15,2024-01-08T09:32:00
NEULANDLAB,INE794A01010,08-01-2024,NSE,EQ,EQ,buy,FALSE,2,5520.55,40998151,1.20E+15,2024-01-08T09:32:00
NEULANDLAB,INE794A01010,08-01-2024,NSE,EQ,EQ,buy,FALSE,1,5521.05,40998152,1.20E+15,2024-01-08T09:32:00
NEULANDLAB,INE794A01010,08-01-2024,NSE,EQ,EQ,buy,FALSE,1,5522.05,40998153,1.20E+15,2024-01-08T09:32:00
NEULANDLAB,INE794A01010,08-01-2024,NSE,EQ,EQ,buy,FALSE,1,5522.1,40998154,1.20E+15,2024-01-08T09:32:00
NEULANDLAB,INE794A01010,08-01-2024,NSE,EQ,EQ,buy,FALSE,1,5522.85,40998155,1.20E+15,2024-01-08T09:32:00
NEULANDLAB,INE794A01010,08-01-2024,NSE,EQ,EQ,buy,FALSE,1,5523,40998156,1.20E+15,2024-01-08T09:32:00
PFC,INE134E01011,08-01-2024,NSE,EQ,EQ,buy,FALSE,123,402.7,40998265,1.20E+15,2024-01-08T09:32:00
NIFTYBEES,INF204KB14I2,08-01-2024,NSE,EQ,EQ,buy,FALSE,21,239.6,40998350,1.20E+15,2024-01-08T09:32:00
NEULANDLAB,INE794A01010,08-01-2024,NSE,EQ,EQ,buy,FALSE,2,5520.5,40998150,1.20E+15,2024-01-08T09:32:00
PERSISTENT,INE262H01013,08-01-2024,NSE,EQ,EQ,buy,FALSE,7,7300.7,40998085,1.20E+15,2024-01-08T09:32:00
TRENT,INE849A01020,08-01-2024,NSE,EQ,EQ,buy,FALSE,2,3068.95,61223678,1.30E+15,2024-01-08T09:32:00
TRENT,INE849A01020,08-01-2024,NSE,EQ,EQ,buy,FALSE,1,3068.95,61223679,1.30E+15,2024-01-08T09:32:00
TRENT,INE849A01020,08-01-2024,NSE,EQ,EQ,buy,FALSE,2,3068.95,61223680,1.30E+15,2024-01-08T09:32:00
TRENT,INE849A01020,08-01-2024,NSE,EQ,EQ,buy,FALSE,1,3068.95,61223681,1.30E+15,2024-01-08T09:32:00
TRENT,INE849A01020,08-01-2024,NSE,EQ,EQ,buy,FALSE,2,3068.95,61223682,1.30E+15,2024-01-08T09:32:00
TRENT,INE849A01020,08-01-2024,NSE,EQ,EQ,buy,FALSE,1,3068.95,61223683,1.30E+15,2024-01-08T09:32:00
ABBOTINDIA,INE358A01014,05-02-2024,NSE,EQ,EQ,buy,FALSE,1,28200,761233,1.00E+15,2024-02-05T09:28:17
PERSISTENT,INE262H01013,05-02-2024,NSE,EQ,EQ,buy,FALSE,2,8474.5,41494052,1.20E+15,2024-02-05T09:28:17
ABBOTINDIA,INE358A01014,05-02-2024,NSE,EQ,EQ,buy,FALSE,1,28200,761234,1.00E+15,2024-02-05T09:28:17
PERSISTENT,INE262H01013,05-02-2024,NSE,EQ,EQ,buy,FALSE,2,8474.5,41494051,1.20E+15,2024-02-05T09:28:17
PERSISTENT,INE262H01013,05-02-2024,NSE,EQ,EQ,buy,FALSE,2,8474.5,41494050,1.20E+15,2024-02-05T09:28:17
SJVN,INE002L01015,05-02-2024,NSE,EQ,EQ,buy,FALSE,30,153.75,61445137,1.30E+15,2024-02-05T09:28:18
SJVN,INE002L01015,05-02-2024,NSE,EQ,EQ,buy,FALSE,1,153.7,61445136,1.30E+15,2024-02-05T09:28:18
TATAINVEST,INE672A01018,05-02-2024,NSE,EQ,EQ,buy,FALSE,8,5759.55,61444524,1.30E+15,2024-02-05T09:28:18
TATAINVEST,INE672A01018,05-02-2024,NSE,EQ,EQ,buy,FALSE,1,5759.5,61444523,1.30E+15,2024-02-05T09:28:18
VBL,INE200M01021,05-02-2024,NSE,EQ,EQ,buy,FALSE,3,1289.5,61445425,1.30E+15,2024-02-05T09:28:18
VBL,INE200M01021,05-02-2024,NSE,EQ,EQ,buy,FALSE,36,1289.5,61445424,1.30E+15,2024-02-05T09:28:18
SJVN,INE002L01015,05-02-2024,NSE,EQ,EQ,buy,FALSE,319,153.75,61445138,1.30E+15,2024-02-05T09:28:18
PFC,INE134E01011,05-02-2024,NSE,EQ,EQ,buy,FALSE,111,454.15,41496352,1.20E+15,2024-02-05T09:28:19
FACT,INE188A01015,05-02-2024,NSE,EQ,EQ,buy,FALSE,48,810.45,21254540,1.10E+15,2024-02-05T09:28:19
FACT,INE188A01015,05-02-2024,NSE,EQ,EQ,buy,FALSE,13,810.45,21254541,1.10E+15,2024-02-05T09:28:19
NIFTYBEES,INF204KB14I2,05-02-2024,NSE,EQ,EQ,buy,FALSE,18,241.8,41497204,1.20E+15,2024-02-05T09:28:20
SWANENERGY,INE665A01038,05-02-2024,NSE,EQ,EQ,buy,FALSE,73,690,61446726,1.30E+15,2024-02-05T09:28:20
NIFTYBEES,INF204KB14I2,05-02-2024,NSE,EQ,EQ,buy,FALSE,2,241.8,41497203,1.20E+15,2024-02-05T09:28:20
ABBOTINDIA,INE358A01014,05-02-2024,NSE,EQ,EQ,buy,FALSE,1,28227.55,771787,1.00E+15,2024-02-05T09:28:30
ABBOTINDIA,INE358A01014,05-02-2024,NSE,EQ,EQ,buy,FALSE,1,28233.6,771788,1.00E+15,2024-02-05T09:28:30
TATAINVEST,INE672A01018,05-02-2024,NSE,EQ,EQ,buy,FALSE,1,5760.15,61459768,1.30E+15,2024-02-05T09:28:31
PERSISTENT,INE262H01013,05-02-2024,NSE,EQ,EQ,buy,FALSE,4,8479.95,41510823,1.20E+15,2024-02-05T09:28:31
TATAINVEST,INE672A01018,05-02-2024,NSE,EQ,EQ,buy,FALSE,7,5761.9,61459770,1.30E+15,2024-02-05T09:28:31
TATAINVEST,INE672A01018,05-02-2024,NSE,EQ,EQ,buy,FALSE,1,5761.85,61459769,1.30E+15,2024-02-05T09:28:31
PERSISTENT,INE262H01013,05-02-2024,NSE,EQ,EQ,buy,FALSE,2,8480.1,41510824,1.20E+15,2024-02-05T09:28:31
SJVN,INE002L01015,05-02-2024,NSE,EQ,EQ,buy,FALSE,300,153.1,61460272,1.30E+15,2024-02-05T09:28:32
SJVN,INE002L01015,05-02-2024,NSE,EQ,EQ,buy,FALSE,50,153.1,61460271,1.30E+15,2024-02-05T09:28:32
VBL,INE200M01021,05-02-2024,NSE,EQ,EQ,buy,FALSE,3,1289,61460663,1.30E+15,2024-02-05T09:28:32
VBL,INE200M01021,05-02-2024,NSE,EQ,EQ,buy,FALSE,11,1289,61460662,1.30E+15,2024-02-05T09:28:32
VBL,INE200M01021,05-02-2024,NSE,EQ,EQ,buy,FALSE,6,1288.9,61460661,1.30E+15,2024-02-05T09:28:32
VBL,INE200M01021,05-02-2024,NSE,EQ,EQ,buy,FALSE,19,1288.75,61460660,1.30E+15,2024-02-05T09:28:32
FACT,INE188A01015,05-02-2024,NSE,EQ,EQ,buy,FALSE,3,808.9,21272046,1.10E+15,2024-02-05T09:28:33
FACT,INE188A01015,05-02-2024,NSE,EQ,EQ,buy,FALSE,3,808.9,21272048,1.10E+15,2024-02-05T09:28:33
FACT,INE188A01015,05-02-2024,NSE,EQ,EQ,buy,FALSE,3,808.9,21272049,1.10E+15,2024-02-05T09:28:33
FACT,INE188A01015,05-02-2024,NSE,EQ,EQ,buy,FALSE,3,808.9,21272050,1.10E+15,2024-02-05T09:28:33
FACT,INE188A01015,05-02-2024,NSE,EQ,EQ,buy,FALSE,3,808.9,21272051,1.10E+15,2024-02-05T09:28:33
FACT,INE188A01015,05-02-2024,NSE,EQ,EQ,buy,FALSE,3,808.9,21272052,1.10E+15,2024-02-05T09:28:33
FACT,INE188A01015,05-02-2024,NSE,EQ,EQ,buy,FALSE,3,808.9,21272053,1.10E+15,2024-02-05T09:28:33
FACT,INE188A01015,05-02-2024,NSE,EQ,EQ,buy,FALSE,3,808.9,21272054,1.10E+15,2024-02-05T09:28:33
FACT,INE188A01015,05-02-2024,NSE,EQ,EQ,buy,FALSE,10,808.9,21272055,1.10E+15,2024-02-05T09:28:33
PFC,INE134E01011,05-02-2024,NSE,EQ,EQ,buy,FALSE,111,454,41513239,1.20E+15,2024-02-05T09:28:33
FACT,INE188A01015,05-02-2024,NSE,EQ,EQ,buy,FALSE,3,808.9,21272047,1.10E+15,2024-02-05T09:28:33
SWANENERGY,INE665A01038,05-02-2024,NSE,EQ,EQ,buy,FALSE,61,690,61461989,1.30E+15,2024-02-05T09:28:33
SWANENERGY,INE665A01038,05-02-2024,NSE,EQ,EQ,buy,FALSE,1,689.95,61461988,1.30E+15,2024-02-05T09:28:33
SWANENERGY,INE665A01038,05-02-2024,NSE,EQ,EQ,buy,FALSE,10,689.85,61461987,1.30E+15,2024-02-05T09:28:33
SWANENERGY,INE665A01038,05-02-2024,NSE,EQ,EQ,buy,FALSE,1,689.85,61461986,1.30E+15,2024-02-05T09:28:33
FACT,INE188A01015,05-02-2024,NSE,EQ,EQ,buy,FALSE,18,808.75,21272043,1.10E+15,2024-02-05T09:28:33
FACT,INE188A01015,05-02-2024,NSE,EQ,EQ,buy,FALSE,3,808.9,21272044,1.10E+15,2024-02-05T09:28:33
FACT,INE188A01015,05-02-2024,NSE,EQ,EQ,buy,FALSE,3,808.9,21272045,1.10E+15,2024-02-05T09:28:33
NIFTYBEES,INF204KB14I2,05-02-2024,NSE,EQ,EQ,buy,FALSE,20,241.79,41514112,1.20E+15,2024-02-05T09:28:34
ASTRAMICRO,INE386C01029,04-03-2024,NSE,EQ,EQ,buy,FALSE,4,619.15,4096887,1.00E+15,2024-03-04T12:58:05
ASTRAMICRO,INE386C01029,04-03-2024,NSE,EQ,EQ,buy,FALSE,8,619.15,4096886,1.00E+15,2024-03-04T12:58:05
BEML,INE258A01016,04-03-2024,NSE,EQ,EQ,buy,FALSE,12,3184.15,4096880,1.00E+15,2024-03-04T12:58:05
BEML,INE258A01016,04-03-2024,NSE,EQ,EQ,buy,FALSE,1,3183.95,4096879,1.00E+15,2024-03-04T12:58:05
BEML,INE258A01016,04-03-2024,NSE,EQ,EQ,buy,FALSE,1,3183.9,4096878,1.00E+15,2024-03-04T12:58:05
BEML,INE258A01016,04-03-2024,NSE,EQ,EQ,buy,FALSE,1,3183.9,4096877,1.00E+15,2024-03-04T12:58:05
BEL,INE263A01024,04-03-2024,NSE,EQ,EQ,buy,FALSE,243,211.45,4096863,1.00E+15,2024-03-04T12:58:05
ANANTRAJ,INE242C01024,04-03-2024,NSE,EQ,EQ,buy,FALSE,21,352,4096854,1.00E+15,2024-03-04T12:58:05
ANANTRAJ,INE242C01024,04-03-2024,NSE,EQ,EQ,buy,FALSE,122,352,4096853,1.00E+15,2024-03-04T12:58:05
PERSISTENT,INE262H01013,04-03-2024,NSE,EQ,EQ,buy,FALSE,1,8461.9,45446715,1.20E+15,2024-03-04T12:58:05
PERSISTENT,INE262H01013,04-03-2024,NSE,EQ,EQ,buy,FALSE,4,8464.05,45446716,1.20E+15,2024-03-04T12:58:05
PERSISTENT,INE262H01013,04-03-2024,NSE,EQ,EQ,buy,FALSE,1,8464.75,45446717,1.20E+15,2024-03-04T12:58:05
ASTRAMICRO,INE386C01029,04-03-2024,NSE,EQ,EQ,buy,FALSE,7,619.3,4096893,1.00E+15,2024-03-04T12:58:05
ASTRAMICRO,INE386C01029,04-03-2024,NSE,EQ,EQ,buy,FALSE,7,619.3,4096892,1.00E+15,2024-03-04T12:58:05
ASTRAMICRO,INE386C01029,04-03-2024,NSE,EQ,EQ,buy,FALSE,29,619.3,4096891,1.00E+15,2024-03-04T12:58:05
ASTRAMICRO,INE386C01029,04-03-2024,NSE,EQ,EQ,buy,FALSE,4,619.25,4096890,1.00E+15,2024-03-04T12:58:05
ASTRAMICRO,INE386C01029,04-03-2024,NSE,EQ,EQ,buy,FALSE,1,619.2,4096889,1.00E+15,2024-03-04T12:58:05
ASTRAMICRO,INE386C01029,04-03-2024,NSE,EQ,EQ,buy,FALSE,5,619.15,4096888,1.00E+15,2024-03-04T12:58:05
NIFTYBEES,INF204KB14I2,04-03-2024,NSE,EQ,EQ,buy,FALSE,20,247.78,45446550,1.20E+15,2024-03-04T12:58:05
RTNINDIA,INE834M01019,04-03-2024,NSE,EQ,EQ,buy,FALSE,134,81.7,65302154,1.30E+15,2024-03-04T12:58:05
RTNINDIA,INE834M01019,04-03-2024,NSE,EQ,EQ,buy,FALSE,195,81.7,65302155,1.30E+15,2024-03-04T12:58:05
RTNINDIA,INE834M01019,04-03-2024,NSE,EQ,EQ,buy,FALSE,284,81.7,65302156,1.30E+15,2024-03-04T12:58:05
DLF,INE271C01023,04-03-2024,NSE,EQ,EQ,buy,FALSE,11,935.2,25061925,1.10E+15,2024-03-04T12:58:05
DLF,INE271C01023,04-03-2024,NSE,EQ,EQ,buy,FALSE,43,935.2,25061924,1.10E+15,2024-03-04T12:58:05
JSL,INE220G01021,04-03-2024,NSE,EQ,EQ,buy,FALSE,75,674.85,45446626,1.20E+15,2024-03-04T12:58:05
ASTRAMICRO,INE386C01029,04-03-2024,NSE,EQ,EQ,buy,FALSE,16,619.4,4096894,1.00E+15,2024-03-04T12:58:05
NIFTYBEES,INF204KB14I2,04-03-2024,NSE,EQ,EQ,buy,FALSE,20,247.78,45448851,1.20E+15,2024-03-04T12:58:12
JSL,INE220G01021,04-03-2024,NSE,EQ,EQ,buy,FALSE,50,675.6,45448860,1.20E+15,2024-03-04T12:58:12
JSL,INE220G01021,04-03-2024,NSE,EQ,EQ,buy,FALSE,25,675.65,45448861,1.20E+15,2024-03-04T12:58:12
DLF,INE271C01023,04-03-2024,NSE,EQ,EQ,buy,FALSE,32,934.6,25063832,1.10E+15,2024-03-04T12:58:12
DLF,INE271C01023,04-03-2024,NSE,EQ,EQ,buy,FALSE,16,934.6,25063834,1.10E+15,2024-03-04T12:58:12
DLF,INE271C01023,04-03-2024,NSE,EQ,EQ,buy,FALSE,6,934.6,25063833,1.10E+15,2024-03-04T12:58:12
RTNINDIA,INE834M01019,04-03-2024,NSE,EQ,EQ,buy,FALSE,358,81.75,65304573,1.30E+15,2024-03-04T12:58:13
ASTRAMICRO,INE386C01029,04-03-2024,NSE,EQ,EQ,buy,FALSE,4,619.55,4098397,1.00E+15,2024-03-04T12:58:13
ASTRAMICRO,INE386C01029,04-03-2024,NSE,EQ,EQ,buy,FALSE,30,619.5,4098396,1.00E+15,2024-03-04T12:58:13
ASTRAMICRO,INE386C01029,04-03-2024,NSE,EQ,EQ,buy,FALSE,18,619.5,4098395,1.00E+15,2024-03-04T12:58:13
ASTRAMICRO,INE386C01029,04-03-2024,NSE,EQ,EQ,buy,FALSE,17,619.45,4098394,1.00E+15,2024-03-04T12:58:13
ASTRAMICRO,INE386C01029,04-03-2024,NSE,EQ,EQ,buy,FALSE,3,619.4,4098393,1.00E+15,2024-03-04T12:58:13
ASTRAMICRO,INE386C01029,04-03-2024,NSE,EQ,EQ,buy,FALSE,1,619.35,4098392,1.00E+15,2024-03-04T12:58:13
ASTRAMICRO,INE386C01029,04-03-2024,NSE,EQ,EQ,buy,FALSE,8,619.35,4098391,1.00E+15,2024-03-04T12:58:13
BEML,INE258A01016,04-03-2024,NSE,EQ,EQ,buy,FALSE,1,3187.35,4098383,1.00E+15,2024-03-04T12:58:13
BEML,INE258A01016,04-03-2024,NSE,EQ,EQ,buy,FALSE,1,3187.35,4098382,1.00E+15,2024-03-04T12:58:13
BEML,INE258A01016,04-03-2024,NSE,EQ,EQ,buy,FALSE,4,3187.35,4098381,1.00E+15,2024-03-04T12:58:13
BEML,INE258A01016,04-03-2024,NSE,EQ,EQ,buy,FALSE,1,3187.35,4098380,1.00E+15,2024-03-04T12:58:13
BEML,INE258A01016,04-03-2024,NSE,EQ,EQ,buy,FALSE,3,3187.3,4098379,1.00E+15,2024-03-04T12:58:13
BEML,INE258A01016,04-03-2024,NSE,EQ,EQ,buy,FALSE,4,3187.3,4098378,1.00E+15,2024-03-04T12:58:13
BEML,INE258A01016,04-03-2024,NSE,EQ,EQ,buy,FALSE,1,3187.3,4098377,1.00E+15,2024-03-04T12:58:13
BEL,INE263A01024,04-03-2024,NSE,EQ,EQ,buy,FALSE,243,211.45,4098360,1.00E+15,2024-03-04T12:58:13
ANANTRAJ,INE242C01024,04-03-2024,NSE,EQ,EQ,buy,FALSE,14,352,4098356,1.00E+15,2024-03-04T12:58:13
ANANTRAJ,INE242C01024,04-03-2024,NSE,EQ,EQ,buy,FALSE,100,352,4098355,1.00E+15,2024-03-04T12:58:13
ANANTRAJ,INE242C01024,04-03-2024,NSE,EQ,EQ,buy,FALSE,29,352,4098354,1.00E+15,2024-03-04T12:58:13
PERSISTENT,INE262H01013,04-03-2024,NSE,EQ,EQ,buy,FALSE,1,8464.75,45449042,1.20E+15,2024-03-04T12:58:13
PERSISTENT,INE262H01013,04-03-2024,NSE,EQ,EQ,buy,FALSE,1,8464.85,45449043,1.20E+15,2024-03-04T12:58:13
PERSISTENT,INE262H01013,04-03-2024,NSE,EQ,EQ,buy,FALSE,1,8465.9,45449044,1.20E+15,2024-03-04T12:58:13
PERSISTENT,INE262H01013,04-03-2024,NSE,EQ,EQ,buy,FALSE,3,8465.9,45449045,1.20E+15,2024-03-04T12:58:13
RTNINDIA,INE834M01019,04-03-2024,NSE,EQ,EQ,buy,FALSE,57,81.7,65304571,1.30E+15,2024-03-04T12:58:13
RTNINDIA,INE834M01019,04-03-2024,NSE,EQ,EQ,buy,FALSE,198,81.75,65304572,1.30E+15,2024-03-04T12:58:13
HAL,INE066F01020,08-04-2024,NSE,EQ,EQ,buy,FALSE,4,"3,559.70",22312855,1.10E+15,2024-04-08T10:05:31
FACT,INE188A01015,08-04-2024,NSE,EQ,EQ,buy,FALSE,50,690.85,22313143,1.10E+15,2024-04-08T10:05:31
FACT,INE188A01015,08-04-2024,NSE,EQ,EQ,buy,FALSE,21,690.85,22313142,1.10E+15,2024-04-08T10:05:31
HAL,INE066F01020,08-04-2024,NSE,EQ,EQ,buy,FALSE,10,"3,559.70",22312854,1.10E+15,2024-04-08T10:05:31
ANANTRAJ,INE242C01024,08-04-2024,NSE,EQ,EQ,buy,FALSE,59,335.55,1537741,1.00E+15,2024-04-08T10:05:31
ANANTRAJ,INE242C01024,08-04-2024,NSE,EQ,EQ,buy,FALSE,11,335.55,1537740,1.00E+15,2024-04-08T10:05:31
ANANTRAJ,INE242C01024,08-04-2024,NSE,EQ,EQ,buy,FALSE,4,335.55,1537739,1.00E+15,2024-04-08T10:05:31
ANANTRAJ,INE242C01024,08-04-2024,NSE,EQ,EQ,buy,FALSE,16,335.5,1537738,1.00E+15,2024-04-08T10:05:31
ANANTRAJ,INE242C01024,08-04-2024,NSE,EQ,EQ,buy,FALSE,30,335.5,1537737,1.00E+15,2024-04-08T10:05:31
ANANTRAJ,INE242C01024,08-04-2024,NSE,EQ,EQ,buy,FALSE,1,335.5,1537736,1.00E+15,2024-04-08T10:05:31
ANANTRAJ,INE242C01024,08-04-2024,NSE,EQ,EQ,buy,FALSE,26,335.5,1537735,1.00E+15,2024-04-08T10:05:31
ANANTRAJ,INE242C01024,08-04-2024,NSE,EQ,EQ,buy,FALSE,4,335.5,1537734,1.00E+15,2024-04-08T10:05:31
ADANIPOWER,INE814H01011,08-04-2024,NSE,EQ,EQ,buy,FALSE,80,618.6,1537715,1.00E+15,2024-04-08T10:05:31
NIFTYBEES,INF204KB14I2,08-04-2024,NSE,EQ,EQ,buy,FALSE,20,249.95,41814812,1.20E+15,2024-04-08T10:05:31
TIPSINDLTD,INE716B01029,08-04-2024,NSE,EQ,EQ,buy,FALSE,106,471,61912525,1.30E+15,2024-04-08T10:05:31
JSL,INE220G01021,08-04-2024,NSE,EQ,EQ,buy,FALSE,5,694.45,41814833,1.20E+15,2024-04-08T10:05:31
JSL,INE220G01021,08-04-2024,NSE,EQ,EQ,buy,FALSE,45,694.45,41814834,1.20E+15,2024-04-08T10:05:31
JSL,INE220G01021,08-04-2024,NSE,EQ,EQ,buy,FALSE,21,694.45,41814835,1.20E+15,2024-04-08T10:05:31
VBL,INE200M01021,08-04-2024,NSE,EQ,EQ,buy,FALSE,5,"1,444.85",61912329,1.30E+15,2024-04-08T10:05:31
VBL,INE200M01021,08-04-2024,NSE,EQ,EQ,buy,FALSE,10,"1,444.85",61912330,1.30E+15,2024-04-08T10:05:31
VBL,INE200M01021,08-04-2024,NSE,EQ,EQ,buy,FALSE,19,"1,444.85",61912331,1.30E+15,2024-04-08T10:05:31
TIPSINDLTD,INE716B01029,08-04-2024,NSE,EQ,EQ,buy,FALSE,1,471.05,61921740,1.30E+15,2024-04-08T10:05:53
TIPSINDLTD,INE716B01029,08-04-2024,NSE,EQ,EQ,buy,FALSE,2,471.05,61921739,1.30E+15,2024-04-08T10:05:53
TIPSINDLTD,INE716B01029,08-04-2024,NSE,EQ,EQ,buy,FALSE,1,471.05,61921738,1.30E+15,2024-04-08T10:05:53
TIPSINDLTD,INE716B01029,08-04-2024,NSE,EQ,EQ,buy,FALSE,2,471.05,61921737,1.30E+15,2024-04-08T10:05:53
TIPSINDLTD,INE716B01029,08-04-2024,NSE,EQ,EQ,buy,FALSE,1,471.05,61921736,1.30E+15,2024-04-08T10:05:53
TIPSINDLTD,INE716B01029,08-04-2024,NSE,EQ,EQ,buy,FALSE,2,471.05,61921735,1.30E+15,2024-04-08T10:05:53
FACT,INE188A01015,08-04-2024,NSE,EQ,EQ,buy,FALSE,1,691.2,22322029,1.10E+15,2024-04-08T10:05:53
FACT,INE188A01015,08-04-2024,NSE,EQ,EQ,buy,FALSE,6,691.2,22322030,1.10E+15,2024-04-08T10:05:53
FACT,INE188A01015,08-04-2024,NSE,EQ,EQ,buy,FALSE,2,691.2,22322031,1.10E+15,2024-04-08T10:05:53
FACT,INE188A01015,08-04-2024,NSE,EQ,EQ,buy,FALSE,1,691.2,22322032,1.10E+15,2024-04-08T10:05:53
FACT,INE188A01015,08-04-2024,NSE,EQ,EQ,buy,FALSE,3,691.2,22322033,1.10E+15,2024-04-08T10:05:53
TIPSINDLTD,INE716B01029,08-04-2024,NSE,EQ,EQ,buy,FALSE,1,471.05,61921742,1.30E+15,2024-04-08T10:05:53
TIPSINDLTD,INE716B01029,08-04-2024,NSE,EQ,EQ,buy,FALSE,2,471.05,61921741,1.30E+15,2024-04-08T10:05:53
TIPSINDLTD,INE716B01029,08-04-2024,NSE,EQ,EQ,buy,FALSE,8,471.1,61921748,1.30E+15,2024-04-08T10:05:53
TIPSINDLTD,INE716B01029,08-04-2024,NSE,EQ,EQ,buy,FALSE,6,471.1,61921747,1.30E+15,2024-04-08T10:05:53
TIPSINDLTD,INE716B01029,08-04-2024,NSE,EQ,EQ,buy,FALSE,8,471.1,61921746,1.30E+15,2024-04-08T10:05:53
TIPSINDLTD,INE716B01029,08-04-2024,NSE,EQ,EQ,buy,FALSE,1,471.05,61921745,1.30E+15,2024-04-08T10:05:53
TIPSINDLTD,INE716B01029,08-04-2024,NSE,EQ,EQ,buy,FALSE,1,471.05,61921744,1.30E+15,2024-04-08T10:05:53
TIPSINDLTD,INE716B01029,08-04-2024,NSE,EQ,EQ,buy,FALSE,2,471.05,61921743,1.30E+15,2024-04-08T10:05:53
JSL,INE220G01021,08-04-2024,NSE,EQ,EQ,buy,FALSE,1,694.5,41822906,1.20E+15,2024-04-08T10:05:53
JSL,INE220G01021,08-04-2024,NSE,EQ,EQ,buy,FALSE,8,694.5,41822905,1.20E+15,2024-04-08T10:05:53
JSL,INE220G01021,08-04-2024,NSE,EQ,EQ,buy,FALSE,46,694.5,41822904,1.20E+15,2024-04-08T10:05:53
JSL,INE220G01021,08-04-2024,NSE,EQ,EQ,buy,FALSE,16,694.5,41822903,1.20E+15,2024-04-08T10:05:53
NIFTYBEES,INF204KB14I2,08-04-2024,NSE,EQ,EQ,buy,FALSE,20,250,41822887,1.20E+15,2024-04-08T10:05:53
TIPSINDLTD,INE716B01029,08-04-2024,NSE,EQ,EQ,buy,FALSE,1,471.05,61921734,1.30E+15,2024-04-08T10:05:53
TIPSINDLTD,INE716B01029,08-04-2024,NSE,EQ,EQ,buy,FALSE,2,471.05,61921733,1.30E+15,2024-04-08T10:05:53
TIPSINDLTD,INE716B01029,08-04-2024,NSE,EQ,EQ,buy,FALSE,8,471.05,61921732,1.30E+15,2024-04-08T10:05:53
TIPSINDLTD,INE716B01029,08-04-2024,NSE,EQ,EQ,buy,FALSE,1,471.05,61921731,1.30E+15,2024-04-08T10:05:53
TIPSINDLTD,INE716B01029,08-04-2024,NSE,EQ,EQ,buy,FALSE,6,471.05,61921730,1.30E+15,2024-04-08T10:05:53
TIPSINDLTD,INE716B01029,08-04-2024,NSE,EQ,EQ,buy,FALSE,6,470.95,61921729,1.30E+15,2024-04-08T10:05:53
TIPSINDLTD,INE716B01029,08-04-2024,NSE,EQ,EQ,buy,FALSE,3,470.95,61921728,1.30E+15,2024-04-08T10:05:53
TIPSINDLTD,INE716B01029,08-04-2024,NSE,EQ,EQ,buy,FALSE,1,470.95,61921727,1.30E+15,2024-04-08T10:05:53
TIPSINDLTD,INE716B01029,08-04-2024,NSE,EQ,EQ,buy,FALSE,6,470.95,61921726,1.30E+15,2024-04-08T10:05:53
VBL,INE200M01021,08-04-2024,NSE,EQ,EQ,buy,FALSE,34,"1,445",61921664,1.30E+15,2024-04-08T10:05:53
TIPSINDLTD,INE716B01029,08-04-2024,NSE,EQ,EQ,buy,FALSE,4,471.15,61921751,1.30E+15,2024-04-08T10:05:53
TIPSINDLTD,INE716B01029,08-04-2024,NSE,EQ,EQ,buy,FALSE,24,471.1,61921750,1.30E+15,2024-04-08T10:05:53
TIPSINDLTD,INE716B01029,08-04-2024,NSE,EQ,EQ,buy,FALSE,6,471.1,61921749,1.30E+15,2024-04-08T10:05:53
HAL,INE066F01020,08-04-2024,NSE,EQ,EQ,buy,FALSE,14,"3,559.90",22321888,1.10E+15,2024-04-08T10:05:53
FACT,INE188A01015,08-04-2024,NSE,EQ,EQ,buy,FALSE,1,691.2,22322020,1.10E+15,2024-04-08T10:05:53
FACT,INE188A01015,08-04-2024,NSE,EQ,EQ,buy,FALSE,6,691.2,22322027,1.10E+15,2024-04-08T10:05:53
FACT,INE188A01015,08-04-2024,NSE,EQ,EQ,buy,FALSE,1,691.2,22322026,1.10E+15,2024-04-08T10:05:53
FACT,INE188A01015,08-04-2024,NSE,EQ,EQ,buy,FALSE,4,691.2,22322025,1.10E+15,2024-04-08T10:05:53
FACT,INE188A01015,08-04-2024,NSE,EQ,EQ,buy,FALSE,6,691.2,22322024,1.10E+15,2024-04-08T10:05:53
FACT,INE188A01015,08-04-2024,NSE,EQ,EQ,buy,FALSE,1,691.2,22322023,1.10E+15,2024-04-08T10:05:53
FACT,INE188A01015,08-04-2024,NSE,EQ,EQ,buy,FALSE,4,691.2,22322022,1.10E+15,2024-04-08T10:05:53
FACT,INE188A01015,08-04-2024,NSE,EQ,EQ,buy,FALSE,6,691.2,22322021,1.10E+15,2024-04-08T10:05:53
FACT,INE188A01015,08-04-2024,NSE,EQ,EQ,buy,FALSE,4,691.2,22322028,1.10E+15,2024-04-08T10:05:53
FACT,INE188A01015,08-04-2024,NSE,EQ,EQ,buy,FALSE,4,691.2,22322019,1.10E+15,2024-04-08T10:05:53
FACT,INE188A01015,08-04-2024,NSE,EQ,EQ,buy,FALSE,6,691.2,22322018,1.10E+15,2024-04-08T10:05:53
FACT,INE188A01015,08-04-2024,NSE,EQ,EQ,buy,FALSE,1,691.2,22322017,1.10E+15,2024-04-08T10:05:53
FACT,INE188A01015,08-04-2024,NSE,EQ,EQ,buy,FALSE,14,691,22322016,1.10E+15,2024-04-08T10:05:53
ADANIPOWER,INE814H01011,08-04-2024,NSE,EQ,EQ,buy,FALSE,80,618.7,1543223,1.00E+15,2024-04-08T10:05:53
ANANTRAJ,INE242C01024,08-04-2024,NSE,EQ,EQ,buy,FALSE,27,335.35,1543247,1.00E+15,2024-04-08T10:05:53
ANANTRAJ,INE242C01024,08-04-2024,NSE,EQ,EQ,buy,FALSE,13,335.35,1543248,1.00E+15,2024-04-08T10:05:53
ANANTRAJ,INE242C01024,08-04-2024,NSE,EQ,EQ,buy,FALSE,28,335.4,1543249,1.00E+15,2024-04-08T10:05:53
ANANTRAJ,INE242C01024,08-04-2024,NSE,EQ,EQ,buy,FALSE,1,335.4,1543250,1.00E+15,2024-04-08T10:05:53
ANANTRAJ,INE242C01024,08-04-2024,NSE,EQ,EQ,buy,FALSE,4,335.4,1543251,1.00E+15,2024-04-08T10:05:53
ANANTRAJ,INE242C01024,08-04-2024,NSE,EQ,EQ,buy,FALSE,11,335.4,1543252,1.00E+15,2024-04-08T10:05:53
ANANTRAJ,INE242C01024,08-04-2024,NSE,EQ,EQ,buy,FALSE,4,335.4,1543253,1.00E+15,2024-04-08T10:05:53
ANANTRAJ,INE242C01024,08-04-2024,NSE,EQ,EQ,buy,FALSE,11,335.4,1543254,1.00E+15,2024-04-08T10:05:53
ANANTRAJ,INE242C01024,08-04-2024,NSE,EQ,EQ,buy,FALSE,4,335.4,1543255,1.00E+15,2024-04-08T10:05:53
ANANTRAJ,INE242C01024,08-04-2024,NSE,EQ,EQ,buy,FALSE,4,335.4,1543256,1.00E+15,2024-04-08T10:05:53
ANANTRAJ,INE242C01024,08-04-2024,NSE,EQ,EQ,buy,FALSE,7,335.4,1543257,1.00E+15,2024-04-08T10:05:53
ANANTRAJ,INE242C01024,08-04-2024,NSE,EQ,EQ,buy,FALSE,1,335.45,1543258,1.00E+15,2024-04-08T10:05:53
ANANTRAJ,INE242C01024,08-04-2024,NSE,EQ,EQ,buy,FALSE,19,335.45,1543259,1.00E+15,2024-04-08T10:05:53
ANANTRAJ,INE242C01024,08-04-2024,NSE,EQ,EQ,buy,FALSE,4,335.5,1543260,1.00E+15,2024-04-08T10:05:53
ANANTRAJ,INE242C01024,08-04-2024,NSE,EQ,EQ,buy,FALSE,11,335.5,1543261,1.00E+15,2024-04-08T10:05:53
ANANTRAJ,INE242C01024,08-04-2024,NSE,EQ,EQ,buy,FALSE,2,335.5,1543262,1.00E+15,2024-04-08T10:05:53
TATAINVEST-BE,INE672A01018,08-04-2024,NSE,EQ,BE,buy,FALSE,4,"7,177.20",62459369,1.30E+15,2024-04-08T10:30:42
TATAINVEST-BE,INE672A01018,08-04-2024,NSE,EQ,BE,buy,FALSE,2,"7,177.20",62459368,1.30E+15,2024-04-08T10:30:42
TATAINVEST-BE,INE672A01018,08-04-2024,NSE,EQ,BE,buy,FALSE,1,"7,177.20",62459367,1.30E+15,2024-04-08T10:30:42
TATAINVEST-BE,INE672A01018,08-04-2024,NSE,EQ,BE,buy,FALSE,7,"7,177.20",62468246,1.30E+15,2024-04-08T10:31:12
JSL,INE220G01021,08-05-2024,NSE,EQ,EQ,buy,FALSE,21,692.95,42740727,1.20E+15,2024-05-08T10:22:44
JSL,INE220G01021,08-05-2024,NSE,EQ,EQ,buy,FALSE,9,692.95,42740726,1.20E+15,2024-05-08T10:22:44
ADANIPOWER,INE814H01011,08-05-2024,NSE,EQ,EQ,buy,FALSE,84,576.95,1909598,1.00E+15,2024-05-08T10:22:44
JSL,INE220G01021,08-05-2024,NSE,EQ,EQ,buy,FALSE,37,692.9,42740725,1.20E+15,2024-05-08T10:22:44
ADANIPOWER,INE814H01011,08-05-2024,NSE,EQ,EQ,buy,FALSE,2,576.95,1909599,1.00E+15,2024-05-08T10:22:44
NIFTYBEES,INF204KB14I2,08-05-2024,NSE,EQ,EQ,buy,FALSE,20,246.27,42740329,1.20E+15,2024-05-08T10:22:44
JSL,INE220G01021,08-05-2024,NSE,EQ,EQ,buy,FALSE,5,692.95,42740728,1.20E+15,2024-05-08T10:22:44
PRICOLLTD,INE726V01018,08-05-2024,NSE,EQ,EQ,buy,FALSE,1,425,42741249,1.20E+15,2024-05-08T10:22:45
ANANTRAJ,INE242C01024,08-05-2024,NSE,EQ,EQ,buy,FALSE,11,355.35,1909937,1.00E+15,2024-05-08T10:22:45
ANANTRAJ,INE242C01024,08-05-2024,NSE,EQ,EQ,buy,FALSE,112,355.35,1909938,1.00E+15,2024-05-08T10:22:45
ANANTRAJ,INE242C01024,08-05-2024,NSE,EQ,EQ,buy,FALSE,2,355.35,1909939,1.00E+15,2024-05-08T10:22:45
ANANTRAJ,INE242C01024,08-05-2024,NSE,EQ,EQ,buy,FALSE,2,355.35,1909940,1.00E+15,2024-05-08T10:22:45
ANANTRAJ,INE242C01024,08-05-2024,NSE,EQ,EQ,buy,FALSE,14,355.35,1909941,1.00E+15,2024-05-08T10:22:45
PRICOLLTD,INE726V01018,08-05-2024,NSE,EQ,EQ,buy,FALSE,1,424.9,42741246,1.20E+15,2024-05-08T10:22:45
PRICOLLTD,INE726V01018,08-05-2024,NSE,EQ,EQ,buy,FALSE,1,424.9,42741247,1.20E+15,2024-05-08T10:22:45
PRICOLLTD,INE726V01018,08-05-2024,NSE,EQ,EQ,buy,FALSE,1,424.95,42741248,1.20E+15,2024-05-08T10:22:45
PRICOLLTD,INE726V01018,08-05-2024,NSE,EQ,EQ,buy,FALSE,2,425.05,42741250,1.20E+15,2024-05-08T10:22:45
PRICOLLTD,INE726V01018,08-05-2024,NSE,EQ,EQ,buy,FALSE,2,425.05,42741251,1.20E+15,2024-05-08T10:22:45
PRICOLLTD,INE726V01018,08-05-2024,NSE,EQ,EQ,buy,FALSE,1,425.05,42741252,1.20E+15,2024-05-08T10:22:45
PRICOLLTD,INE726V01018,08-05-2024,NSE,EQ,EQ,buy,FALSE,3,425.05,42741253,1.20E+15,2024-05-08T10:22:45
PRICOLLTD,INE726V01018,08-05-2024,NSE,EQ,EQ,buy,FALSE,2,425.05,42741254,1.20E+15,2024-05-08T10:22:45
PRICOLLTD,INE726V01018,08-05-2024,NSE,EQ,EQ,buy,FALSE,1,425.05,42741255,1.20E+15,2024-05-08T10:22:45
PRICOLLTD,INE726V01018,08-05-2024,NSE,EQ,EQ,buy,FALSE,3,425.05,42741256,1.20E+15,2024-05-08T10:22:45
PRICOLLTD,INE726V01018,08-05-2024,NSE,EQ,EQ,buy,FALSE,2,425.05,42741257,1.20E+15,2024-05-08T10:22:45
PRICOLLTD,INE726V01018,08-05-2024,NSE,EQ,EQ,buy,FALSE,1,425.05,42741258,1.20E+15,2024-05-08T10:22:45
PRICOLLTD,INE726V01018,08-05-2024,NSE,EQ,EQ,buy,FALSE,3,425.05,42741259,1.20E+15,2024-05-08T10:22:45
PRICOLLTD,INE726V01018,08-05-2024,NSE,EQ,EQ,buy,FALSE,2,425.05,42741260,1.20E+15,2024-05-08T10:22:45
PRICOLLTD,INE726V01018,08-05-2024,NSE,EQ,EQ,buy,FALSE,1,425.05,42741261,1.20E+15,2024-05-08T10:22:45
PRICOLLTD,INE726V01018,08-05-2024,NSE,EQ,EQ,buy,FALSE,3,425.05,42741262,1.20E+15,2024-05-08T10:22:45
PRICOLLTD,INE726V01018,08-05-2024,NSE,EQ,EQ,buy,FALSE,2,425.05,42741263,1.20E+15,2024-05-08T10:22:45
PRICOLLTD,INE726V01018,08-05-2024,NSE,EQ,EQ,buy,FALSE,1,425.05,42741264,1.20E+15,2024-05-08T10:22:45
PRICOLLTD,INE726V01018,08-05-2024,NSE,EQ,EQ,buy,FALSE,1,425.05,42741265,1.20E+15,2024-05-08T10:22:45
PRICOLLTD,INE726V01018,08-05-2024,NSE,EQ,EQ,buy,FALSE,2,425.05,42741266,1.20E+15,2024-05-08T10:22:45
PRICOLLTD,INE726V01018,08-05-2024,NSE,EQ,EQ,buy,FALSE,1,425.05,42741267,1.20E+15,2024-05-08T10:22:45
PRICOLLTD,INE726V01018,08-05-2024,NSE,EQ,EQ,buy,FALSE,2,425.05,42741268,1.20E+15,2024-05-08T10:22:45
PRICOLLTD,INE726V01018,08-05-2024,NSE,EQ,EQ,buy,FALSE,33,425.1,42741269,1.20E+15,2024-05-08T10:22:45
PRICOLLTD,INE726V01018,08-05-2024,NSE,EQ,EQ,buy,FALSE,8,425.1,42741270,1.20E+15,2024-05-08T10:22:45
PRICOLLTD,INE726V01018,08-05-2024,NSE,EQ,EQ,buy,FALSE,1,425.15,42741271,1.20E+15,2024-05-08T10:22:45
PRICOLLTD,INE726V01018,08-05-2024,NSE,EQ,EQ,buy,FALSE,3,425.15,42741272,1.20E+15,2024-05-08T10:22:45
PRICOLLTD,INE726V01018,08-05-2024,NSE,EQ,EQ,buy,FALSE,26,425.15,42741273,1.20E+15,2024-05-08T10:22:45
PRICOLLTD,INE726V01018,08-05-2024,NSE,EQ,EQ,buy,FALSE,7,425.15,42741274,1.20E+15,2024-05-08T10:22:45
IRB,INE821I01022,08-05-2024,NSE,EQ,EQ,buy,FALSE,732,67.9,22321571,1.10E+15,2024-05-08T10:22:46
PRESTIGE,INE811K01011,08-05-2024,NSE,EQ,EQ,buy,FALSE,7,"1,482.30",42741629,1.20E+15,2024-05-08T10:22:46
PRESTIGE,INE811K01011,08-05-2024,NSE,EQ,EQ,buy,FALSE,17,"1,482.45",42741632,1.20E+15,2024-05-08T10:22:46
PRESTIGE,INE811K01011,08-05-2024,NSE,EQ,EQ,buy,FALSE,7,"1,482.35",42741631,1.20E+15,2024-05-08T10:22:46
TRENT,INE849A01020,08-05-2024,NSE,EQ,EQ,buy,FALSE,11,"4,491.15",62391358,1.30E+15,2024-05-08T10:22:46
PRESTIGE,INE811K01011,08-05-2024,NSE,EQ,EQ,buy,FALSE,3,"1,482.30",42741630,1.20E+15,2024-05-08T10:22:46
JSL,INE220G01021,08-05-2024,NSE,EQ,EQ,buy,FALSE,5,693,42764805,1.20E+15,2024-05-08T10:23:41
JSL,INE220G01021,08-05-2024,NSE,EQ,EQ,buy,FALSE,1,693,42764804,1.20E+15,2024-05-08T10:23:41
JSL,INE220G01021,08-05-2024,NSE,EQ,EQ,buy,FALSE,3,693,42764810,1.20E+15,2024-05-08T10:23:41
JSL,INE220G01021,08-05-2024,NSE,EQ,EQ,buy,FALSE,5,693,42764803,1.20E+15,2024-05-08T10:23:41
JSL,INE220G01021,08-05-2024,NSE,EQ,EQ,buy,FALSE,1,693,42764802,1.20E+15,2024-05-08T10:23:41
JSL,INE220G01021,08-05-2024,NSE,EQ,EQ,buy,FALSE,5,693,42764801,1.20E+15,2024-05-08T10:23:41
JSL,INE220G01021,08-05-2024,NSE,EQ,EQ,buy,FALSE,29,693.05,42764811,1.20E+15,2024-05-08T10:23:41
JSL,INE220G01021,08-05-2024,NSE,EQ,EQ,buy,FALSE,1,693,42764800,1.20E+15,2024-05-08T10:23:41
JSL,INE220G01021,08-05-2024,NSE,EQ,EQ,buy,FALSE,5,693,42764799,1.20E+15,2024-05-08T10:23:41
JSL,INE220G01021,08-05-2024,NSE,EQ,EQ,buy,FALSE,1,693,42764798,1.20E+15,2024-05-08T10:23:41
JSL,INE220G01021,08-05-2024,NSE,EQ,EQ,buy,FALSE,1,693,42764797,1.20E+15,2024-05-08T10:23:41
JSL,INE220G01021,08-05-2024,NSE,EQ,EQ,buy,FALSE,3,693,42764796,1.20E+15,2024-05-08T10:23:41
NIFTYBEES,INF204KB14I2,08-05-2024,NSE,EQ,EQ,buy,FALSE,20,246.26,42764702,1.20E+15,2024-05-08T10:23:41
JSL,INE220G01021,08-05-2024,NSE,EQ,EQ,buy,FALSE,5,693,42764809,1.20E+15,2024-05-08T10:23:41
JSL,INE220G01021,08-05-2024,NSE,EQ,EQ,buy,FALSE,1,693,42764808,1.20E+15,2024-05-08T10:23:41
JSL,INE220G01021,08-05-2024,NSE,EQ,EQ,buy,FALSE,5,693,42764807,1.20E+15,2024-05-08T10:23:41
JSL,INE220G01021,08-05-2024,NSE,EQ,EQ,buy,FALSE,1,693,42764806,1.20E+15,2024-05-08T10:23:41
ANANTRAJ,INE242C01024,08-05-2024,NSE,EQ,EQ,buy,FALSE,5,354.9,1933373,1.00E+15,2024-05-08T10:23:42
ADANIPOWER,INE814H01011,08-05-2024,NSE,EQ,EQ,buy,FALSE,86,576.35,1933037,1.00E+15,2024-05-08T10:23:42
ANANTRAJ,INE242C01024,08-05-2024,NSE,EQ,EQ,buy,FALSE,8,354.9,1933374,1.00E+15,2024-05-08T10:23:42
ANANTRAJ,INE242C01024,08-05-2024,NSE,EQ,EQ,buy,FALSE,45,354.9,1933375,1.00E+15,2024-05-08T10:23:42
ANANTRAJ,INE242C01024,08-05-2024,NSE,EQ,EQ,buy,FALSE,1,354.95,1933376,1.00E+15,2024-05-08T10:23:42
ANANTRAJ,INE242C01024,08-05-2024,NSE,EQ,EQ,buy,FALSE,1,354.95,1933377,1.00E+15,2024-05-08T10:23:42
ANANTRAJ,INE242C01024,08-05-2024,NSE,EQ,EQ,buy,FALSE,81,354.95,1933378,1.00E+15,2024-05-08T10:23:42
TRENT,INE849A01020,08-05-2024,NSE,EQ,EQ,buy,FALSE,3,"4,494.60",62416767,1.30E+15,2024-05-08T10:23:43
TRENT,INE849A01020,08-05-2024,NSE,EQ,EQ,buy,FALSE,6,"4,494.35",62416765,1.30E+15,2024-05-08T10:23:43
IRB,INE821I01022,08-05-2024,NSE,EQ,EQ,buy,FALSE,732,67.9,22346436,1.10E+15,2024-05-08T10:23:43
TRENT,INE849A01020,08-05-2024,NSE,EQ,EQ,buy,FALSE,1,"4,494.30",62416764,1.30E+15,2024-05-08T10:23:43
PRICOLLTD,INE726V01018,08-05-2024,NSE,EQ,EQ,buy,FALSE,117,424.5,42765181,1.20E+15,2024-05-08T10:23:43
TRENT,INE849A01020,08-05-2024,NSE,EQ,EQ,buy,FALSE,1,"4,494.40",62416766,1.30E+15,2024-05-08T10:23:43
PRESTIGE,INE811K01011,08-05-2024,NSE,EQ,EQ,buy,FALSE,14,"1,484.90",42765660,1.20E+15,2024-05-08T10:23:44
PRESTIGE,INE811K01011,08-05-2024,NSE,EQ,EQ,buy,FALSE,2,"1,484.90",42765661,1.20E+15,2024-05-08T10:23:44
PRESTIGE,INE811K01011,08-05-2024,NSE,EQ,EQ,buy,FALSE,18,"1,484.90",42765662,1.20E+15,2024-05-08T10:23:44
TATAINVEST-BE,INE672A01018,09-05-2024,NSE,EQ,BE,buy,FALSE,8,"6,842.40",61504114,1.30E+15,2024-05-09T09:54:27
TATAINVEST-BE,INE672A01018,09-05-2024,NSE,EQ,BE,buy,FALSE,3,"6,867",61526566,1.30E+15,2024-05-09T09:55:35
TATAINVEST-BE,INE672A01018,09-05-2024,NSE,EQ,BE,buy,FALSE,5,"6,867",61526565,1.30E+15,2024-05-09T09:55:35
NIFTYBEES,INF204KB14I2,03-06-2024,NSE,EQ,EQ,buy,FALSE,20,258.51,47323894,1.20E+15,2024-06-03T12:34:53
JSL,INE220G01021,03-06-2024,NSE,EQ,EQ,buy,FALSE,9,798.95,47324450,1.20E+15,2024-06-03T12:34:54
JSL,INE220G01021,03-06-2024,NSE,EQ,EQ,buy,FALSE,1,798.95,47324451,1.20E+15,2024-06-03T12:34:54
JSL,INE220G01021,03-06-2024,NSE,EQ,EQ,buy,FALSE,53,798.95,47324452,1.20E+15,2024-06-03T12:34:54
TRENT,INE849A01020,03-06-2024,NSE,EQ,EQ,buy,FALSE,2,"4,670.80",67059726,1.30E+15,2024-06-03T12:34:55
JPPOWER,INE351F01018,03-06-2024,NSE,EQ,EQ,buy,FALSE,"2,482",20.1,47324829,1.20E+15,2024-06-03T12:34:55
TRENT,INE849A01020,03-06-2024,NSE,EQ,EQ,buy,FALSE,4,"4,671.20",67059731,1.30E+15,2024-06-03T12:34:55
TRENT,INE849A01020,03-06-2024,NSE,EQ,EQ,buy,FALSE,1,"4,671.20",67059730,1.30E+15,2024-06-03T12:34:55
TRENT,INE849A01020,03-06-2024,NSE,EQ,EQ,buy,FALSE,2,"4,671.15",67059729,1.30E+15,2024-06-03T12:34:55
TRENT,INE849A01020,03-06-2024,NSE,EQ,EQ,buy,FALSE,1,"4,670.90",67059728,1.30E+15,2024-06-03T12:34:55
TRENT,INE849A01020,03-06-2024,NSE,EQ,EQ,buy,FALSE,1,"4,670.85",67059727,1.30E+15,2024-06-03T12:34:55
GRSE,INE382Z01011,03-06-2024,NSE,EQ,EQ,buy,FALSE,10,"1,419.25",27810607,1.10E+15,2024-06-03T12:34:57
HAL,INE066F01020,03-06-2024,NSE,EQ,EQ,buy,FALSE,5,"5,325",27810275,1.10E+15,2024-06-03T12:34:57
HAL,INE066F01020,03-06-2024,NSE,EQ,EQ,buy,FALSE,5,"5,325",27810276,1.10E+15,2024-06-03T12:34:57
GRSE,INE382Z01011,03-06-2024,NSE,EQ,EQ,buy,FALSE,26,"1,419.30",27810608,1.10E+15,2024-06-03T12:34:57
RVNL,INE415G01027,03-06-2024,NSE,EQ,EQ,buy,FALSE,23,405.6,67061100,1.30E+15,2024-06-03T12:34:58
RVNL,INE415G01027,03-06-2024,NSE,EQ,EQ,buy,FALSE,100,405.6,67061099,1.30E+15,2024-06-03T12:34:58
GPIL,INE177H01021,03-06-2024,NSE,EQ,EQ,buy,FALSE,1,979.8,27810925,1.10E+15,2024-06-03T12:34:58
GPIL,INE177H01021,03-06-2024,NSE,EQ,EQ,buy,FALSE,1,979.85,27810926,1.10E+15,2024-06-03T12:34:58
GPIL,INE177H01021,03-06-2024,NSE,EQ,EQ,buy,FALSE,3,979.9,27810927,1.10E+15,2024-06-03T12:34:58
GPIL,INE177H01021,03-06-2024,NSE,EQ,EQ,buy,FALSE,24,979.9,27810928,1.10E+15,2024-06-03T12:34:58
GPIL,INE177H01021,03-06-2024,NSE,EQ,EQ,buy,FALSE,21,979.9,27810929,1.10E+15,2024-06-03T12:34:58
GPIL,INE177H01021,03-06-2024,NSE,EQ,EQ,buy,FALSE,1,979.95,27810930,1.10E+15,2024-06-03T12:34:58
BEML,INE258A01016,03-06-2024,NSE,EQ,EQ,buy,FALSE,4,"4,685.20",7144067,1.00E+15,2024-06-03T12:34:59
BEML,INE258A01016,03-06-2024,NSE,EQ,EQ,buy,FALSE,7,"4,685.20",7144068,1.00E+15,2024-06-03T12:34:59
JSL,INE220G01021,03-06-2024,NSE,EQ,EQ,buy,FALSE,21,798.85,47341728,1.20E+15,2024-06-03T12:35:39
JSL,INE220G01021,03-06-2024,NSE,EQ,EQ,buy,FALSE,7,799.05,47341730,1.20E+15,2024-06-03T12:35:39
JSL,INE220G01021,03-06-2024,NSE,EQ,EQ,buy,FALSE,21,798.95,47341729,1.20E+15,2024-06-03T12:35:39
NIFTYBEES,INF204KB14I2,03-06-2024,NSE,EQ,EQ,buy,FALSE,20,258.39,47341552,1.20E+15,2024-06-03T12:35:39
JSL,INE220G01021,03-06-2024,NSE,EQ,EQ,buy,FALSE,1,798.75,47341726,1.20E+15,2024-06-03T12:35:39
JSL,INE220G01021,03-06-2024,NSE,EQ,EQ,buy,FALSE,13,798.85,47341727,1.20E+15,2024-06-03T12:35:39
TRENT,INE849A01020,03-06-2024,NSE,EQ,EQ,buy,FALSE,1,"4,674.90",67076890,1.30E+15,2024-06-03T12:35:40
TRENT,INE849A01020,03-06-2024,NSE,EQ,EQ,buy,FALSE,3,"4,674.85",67076889,1.30E+15,2024-06-03T12:35:40
TRENT,INE849A01020,03-06-2024,NSE,EQ,EQ,buy,FALSE,1,"4,674.95",67076893,1.30E+15,2024-06-03T12:35:40
TRENT,INE849A01020,03-06-2024,NSE,EQ,EQ,buy,FALSE,3,"4,674.95",67076891,1.30E+15,2024-06-03T12:35:40
TRENT,INE849A01020,03-06-2024,NSE,EQ,EQ,buy,FALSE,1,"4,674.95",67076892,1.30E+15,2024-06-03T12:35:40
TRENT,INE849A01020,03-06-2024,NSE,EQ,EQ,buy,FALSE,1,"4,674.95",67076894,1.30E+15,2024-06-03T12:35:40
TRENT,INE849A01020,03-06-2024,NSE,EQ,EQ,buy,FALSE,1,"4,674.95",67076895,1.30E+15,2024-06-03T12:35:40
HAL,INE066F01020,03-06-2024,NSE,EQ,EQ,buy,FALSE,10,"5,321.05",27829795,1.10E+15,2024-06-03T12:35:41
JPPOWER,INE351F01018,03-06-2024,NSE,EQ,EQ,buy,FALSE,"2,482",20.15,47342346,1.20E+15,2024-06-03T12:35:41
GRSE,INE382Z01011,03-06-2024,NSE,EQ,EQ,buy,FALSE,31,"1,418.50",27829931,1.10E+15,2024-06-03T12:35:42
GRSE,INE382Z01011,03-06-2024,NSE,EQ,EQ,buy,FALSE,5,"1,418.50",27829930,1.10E+15,2024-06-03T12:35:42
GPIL,INE177H01021,03-06-2024,NSE,EQ,EQ,buy,FALSE,31,979.9,27830091,1.10E+15,2024-06-03T12:35:42
GPIL,INE177H01021,03-06-2024,NSE,EQ,EQ,buy,FALSE,11,979.9,27830092,1.10E+15,2024-06-03T12:35:42
GPIL,INE177H01021,03-06-2024,NSE,EQ,EQ,buy,FALSE,9,979.9,27830093,1.10E+15,2024-06-03T12:35:42
RVNL,INE415G01027,03-06-2024,NSE,EQ,EQ,buy,FALSE,123,405.75,67078338,1.30E+15,2024-06-03T12:35:44
BEML,INE258A01016,03-06-2024,NSE,EQ,EQ,buy,FALSE,11,"4,675",7158034,1.00E+15,2024-06-03T12:35:44
PRICOLLTD,INE726V01018,08-07-2024,NSE,EQ,EQ,buy,FALSE,5,496,403309359,1.20E+15,2024-07-08T10:16:57
PRICOLLTD,INE726V01018,08-07-2024,NSE,EQ,EQ,buy,FALSE,4,496,403309361,1.20E+15,2024-07-08T10:16:57
PRICOLLTD,INE726V01018,08-07-2024,NSE,EQ,EQ,buy,FALSE,6,496,403309362,1.20E+15,2024-07-08T10:16:57
PRICOLLTD,INE726V01018,08-07-2024,NSE,EQ,EQ,buy,FALSE,3,496.05,403309363,1.20E+15,2024-07-08T10:16:57
PRICOLLTD,INE726V01018,08-07-2024,NSE,EQ,EQ,buy,FALSE,2,496.1,403309364,1.20E+15,2024-07-08T10:16:57
PRICOLLTD,INE726V01018,08-07-2024,NSE,EQ,EQ,buy,FALSE,24,496.15,403309365,1.20E+15,2024-07-08T10:16:57
PRICOLLTD,INE726V01018,08-07-2024,NSE,EQ,EQ,buy,FALSE,13,496.15,403309366,1.20E+15,2024-07-08T10:16:57
PRICOLLTD,INE726V01018,08-07-2024,NSE,EQ,EQ,buy,FALSE,3,496.2,403309367,1.20E+15,2024-07-08T10:16:57
PRICOLLTD,INE726V01018,08-07-2024,NSE,EQ,EQ,buy,FALSE,6,496.2,403309368,1.20E+15,2024-07-08T10:16:57
PRICOLLTD,INE726V01018,08-07-2024,NSE,EQ,EQ,buy,FALSE,1,496.2,403309369,1.20E+15,2024-07-08T10:16:57
TRENT,INE849A01020,08-07-2024,NSE,EQ,EQ,buy,FALSE,4,"5,640",603940888,1.30E+15,2024-07-08T10:16:57
TRENT,INE849A01020,08-07-2024,NSE,EQ,EQ,buy,FALSE,2,"5,640.55",603940889,1.30E+15,2024-07-08T10:16:57
BEML,INE258A01016,08-07-2024,NSE,EQ,EQ,buy,FALSE,10,"5,254.30",2381601,1.00E+15,2024-07-08T10:16:57
PRICOLLTD,INE726V01018,08-07-2024,NSE,EQ,EQ,buy,FALSE,14,496,403309356,1.20E+15,2024-07-08T10:16:57
PRICOLLTD,INE726V01018,08-07-2024,NSE,EQ,EQ,buy,FALSE,4,496,403309357,1.20E+15,2024-07-08T10:16:57
PRICOLLTD,INE726V01018,08-07-2024,NSE,EQ,EQ,buy,FALSE,6,496,403309358,1.20E+15,2024-07-08T10:16:57
PRICOLLTD,INE726V01018,08-07-2024,NSE,EQ,EQ,buy,FALSE,1,496,403309360,1.20E+15,2024-07-08T10:16:57
ASTRAMICRO,INE386C01029,08-07-2024,NSE,EQ,EQ,buy,FALSE,4,946.7,2381631,1.00E+15,2024-07-08T10:16:57
ASTRAMICRO,INE386C01029,08-07-2024,NSE,EQ,EQ,buy,FALSE,8,946.65,2381626,1.00E+15,2024-07-08T10:16:57
ASTRAMICRO,INE386C01029,08-07-2024,NSE,EQ,EQ,buy,FALSE,5,946.7,2381630,1.00E+15,2024-07-08T10:16:57
ASTRAMICRO,INE386C01029,08-07-2024,NSE,EQ,EQ,buy,FALSE,5,946.7,2381629,1.00E+15,2024-07-08T10:16:57
ASTRAMICRO,INE386C01029,08-07-2024,NSE,EQ,EQ,buy,FALSE,5,946.7,2381628,1.00E+15,2024-07-08T10:16:57
ASTRAMICRO,INE386C01029,08-07-2024,NSE,EQ,EQ,buy,FALSE,26,946.65,2381627,1.00E+15,2024-07-08T10:16:57
BEL,INE263A01024,08-07-2024,NSE,EQ,EQ,buy,FALSE,155,332,2381703,1.00E+15,2024-07-08T10:16:57
TRENT,INE849A01020,08-07-2024,NSE,EQ,EQ,buy,FALSE,3,"5,640",603940887,1.30E+15,2024-07-08T10:16:57
NIFTYBEES,INF204KB14I2,08-07-2024,NSE,EQ,EQ,buy,FALSE,19,270.15,403309264,1.20E+15,2024-07-08T10:16:57
MSTCLTD,INE255X01014,08-07-2024,NSE,EQ,EQ,buy,FALSE,6,896.55,403309310,1.20E+15,2024-07-08T10:16:57
MSTCLTD,INE255X01014,08-07-2024,NSE,EQ,EQ,buy,FALSE,1,896.55,403309311,1.20E+15,2024-07-08T10:16:57
MSTCLTD,INE255X01014,08-07-2024,NSE,EQ,EQ,buy,FALSE,4,896.6,403309312,1.20E+15,2024-07-08T10:16:57
MSTCLTD,INE255X01014,08-07-2024,NSE,EQ,EQ,buy,FALSE,3,896.6,403309313,1.20E+15,2024-07-08T10:16:57
MSTCLTD,INE255X01014,08-07-2024,NSE,EQ,EQ,buy,FALSE,4,896.6,403309314,1.20E+15,2024-07-08T10:16:57
MSTCLTD,INE255X01014,08-07-2024,NSE,EQ,EQ,buy,FALSE,3,896.6,403309315,1.20E+15,2024-07-08T10:16:57
MSTCLTD,INE255X01014,08-07-2024,NSE,EQ,EQ,buy,FALSE,4,896.6,403309316,1.20E+15,2024-07-08T10:16:57
MSTCLTD,INE255X01014,08-07-2024,NSE,EQ,EQ,buy,FALSE,3,896.6,403309317,1.20E+15,2024-07-08T10:16:57
MSTCLTD,INE255X01014,08-07-2024,NSE,EQ,EQ,buy,FALSE,4,896.6,403309318,1.20E+15,2024-07-08T10:16:57
MSTCLTD,INE255X01014,08-07-2024,NSE,EQ,EQ,buy,FALSE,3,896.6,403309319,1.20E+15,2024-07-08T10:16:57
MSTCLTD,INE255X01014,08-07-2024,NSE,EQ,EQ,buy,FALSE,4,896.6,403309320,1.20E+15,2024-07-08T10:16:57
MSTCLTD,INE255X01014,08-07-2024,NSE,EQ,EQ,buy,FALSE,3,896.6,403309321,1.20E+15,2024-07-08T10:16:57
MSTCLTD,INE255X01014,08-07-2024,NSE,EQ,EQ,buy,FALSE,4,896.6,403309322,1.20E+15,2024-07-08T10:16:57
MSTCLTD,INE255X01014,08-07-2024,NSE,EQ,EQ,buy,FALSE,3,896.6,403309323,1.20E+15,2024-07-08T10:16:57
MSTCLTD,INE255X01014,08-07-2024,NSE,EQ,EQ,buy,FALSE,4,896.6,403309324,1.20E+15,2024-07-08T10:16:57
MSTCLTD,INE255X01014,08-07-2024,NSE,EQ,EQ,buy,FALSE,3,896.6,403309325,1.20E+15,2024-07-08T10:16:57
PRICOLLTD,INE726V01018,08-07-2024,NSE,EQ,EQ,buy,FALSE,4,495.95,403309353,1.20E+15,2024-07-08T10:16:57
PRICOLLTD,INE726V01018,08-07-2024,NSE,EQ,EQ,buy,FALSE,3,495.95,403309354,1.20E+15,2024-07-08T10:16:57
PRICOLLTD,INE726V01018,08-07-2024,NSE,EQ,EQ,buy,FALSE,2,495.95,403309355,1.20E+15,2024-07-08T10:16:57
GANESHHOUC,INE460C01014,08-07-2024,NSE,EQ,EQ,buy,FALSE,13,"1,099.80",204341886,1.10E+15,2024-07-08T10:16:58
GANESHHOUC,INE460C01014,08-07-2024,NSE,EQ,EQ,buy,FALSE,35,"1,099.90",204341887,1.10E+15,2024-07-08T10:16:58
IRB,INE821I01022,08-07-2024,NSE,EQ,EQ,buy,FALSE,34,67.85,204341947,1.10E+15,2024-07-08T10:16:58
IRB,INE821I01022,08-07-2024,NSE,EQ,EQ,buy,FALSE,705,67.85,204341948,1.10E+15,2024-07-08T10:16:58
PRICOLLTD,INE726V01018,08-07-2024,NSE,EQ,EQ,buy,FALSE,1,496.1,403314806,1.20E+15,2024-07-08T10:17:07
PRICOLLTD,INE726V01018,08-07-2024,NSE,EQ,EQ,buy,FALSE,2,496.1,403314808,1.20E+15,2024-07-08T10:17:07
PRICOLLTD,INE726V01018,08-07-2024,NSE,EQ,EQ,buy,FALSE,1,496.1,403314809,1.20E+15,2024-07-08T10:17:07
TRENT,INE849A01020,08-07-2024,NSE,EQ,EQ,buy,FALSE,7,"5,640.80",603948864,1.30E+15,2024-07-08T10:17:07
TRENT,INE849A01020,08-07-2024,NSE,EQ,EQ,buy,FALSE,1,"5,641.15",603948865,1.30E+15,2024-07-08T10:17:07
TRENT,INE849A01020,08-07-2024,NSE,EQ,EQ,buy,FALSE,1,"5,641.15",603948866,1.30E+15,2024-07-08T10:17:07
ASTRAMICRO,INE386C01029,08-07-2024,NSE,EQ,EQ,buy,FALSE,12,946.6,2384997,1.00E+15,2024-07-08T10:17:07
ASTRAMICRO,INE386C01029,08-07-2024,NSE,EQ,EQ,buy,FALSE,15,946.6,2384998,1.00E+15,2024-07-08T10:17:07
ASTRAMICRO,INE386C01029,08-07-2024,NSE,EQ,EQ,buy,FALSE,26,946.8,2384999,1.00E+15,2024-07-08T10:17:07
BEML,INE258A01016,08-07-2024,NSE,EQ,EQ,buy,FALSE,10,"5,260.90",2384978,1.00E+15,2024-07-08T10:17:07
NIFTYBEES,INF204KB14I2,08-07-2024,NSE,EQ,EQ,buy,FALSE,19,270.15,403314659,1.20E+15,2024-07-08T10:17:07
MSTCLTD,INE255X01014,08-07-2024,NSE,EQ,EQ,buy,FALSE,13,896.7,403314772,1.20E+15,2024-07-08T10:17:07
MSTCLTD,INE255X01014,08-07-2024,NSE,EQ,EQ,buy,FALSE,1,896.7,403314773,1.20E+15,2024-07-08T10:17:07
MSTCLTD,INE255X01014,08-07-2024,NSE,EQ,EQ,buy,FALSE,1,896.7,403314774,1.20E+15,2024-07-08T10:17:07
MSTCLTD,INE255X01014,08-07-2024,NSE,EQ,EQ,buy,FALSE,1,896.75,403314775,1.20E+15,2024-07-08T10:17:07
MSTCLTD,INE255X01014,08-07-2024,NSE,EQ,EQ,buy,FALSE,15,896.75,403314776,1.20E+15,2024-07-08T10:17:07
MSTCLTD,INE255X01014,08-07-2024,NSE,EQ,EQ,buy,FALSE,4,896.8,403314777,1.20E+15,2024-07-08T10:17:07
MSTCLTD,INE255X01014,08-07-2024,NSE,EQ,EQ,buy,FALSE,3,896.8,403314778,1.20E+15,2024-07-08T10:17:07
MSTCLTD,INE255X01014,08-07-2024,NSE,EQ,EQ,buy,FALSE,16,896.8,403314779,1.20E+15,2024-07-08T10:17:07
MSTCLTD,INE255X01014,08-07-2024,NSE,EQ,EQ,buy,FALSE,2,896.8,403314780,1.20E+15,2024-07-08T10:17:07
PRICOLLTD,INE726V01018,08-07-2024,NSE,EQ,EQ,buy,FALSE,4,496,403314795,1.20E+15,2024-07-08T10:17:07
PRICOLLTD,INE726V01018,08-07-2024,NSE,EQ,EQ,buy,FALSE,22,496,403314796,1.20E+15,2024-07-08T10:17:07
PRICOLLTD,INE726V01018,08-07-2024,NSE,EQ,EQ,buy,FALSE,5,496,403314797,1.20E+15,2024-07-08T10:17:07
PRICOLLTD,INE726V01018,08-07-2024,NSE,EQ,EQ,buy,FALSE,2,496,403314798,1.20E+15,2024-07-08T10:17:07
PRICOLLTD,INE726V01018,08-07-2024,NSE,EQ,EQ,buy,FALSE,3,496,403314799,1.20E+15,2024-07-08T10:17:07
PRICOLLTD,INE726V01018,08-07-2024,NSE,EQ,EQ,buy,FALSE,20,496,403314800,1.20E+15,2024-07-08T10:17:07
PRICOLLTD,INE726V01018,08-07-2024,NSE,EQ,EQ,buy,FALSE,3,496.05,403314801,1.20E+15,2024-07-08T10:17:07
PRICOLLTD,INE726V01018,08-07-2024,NSE,EQ,EQ,buy,FALSE,6,496.05,403314802,1.20E+15,2024-07-08T10:17:07
PRICOLLTD,INE726V01018,08-07-2024,NSE,EQ,EQ,buy,FALSE,1,496.05,403314803,1.20E+15,2024-07-08T10:17:07
PRICOLLTD,INE726V01018,08-07-2024,NSE,EQ,EQ,buy,FALSE,7,496.1,403314804,1.20E+15,2024-07-08T10:17:07
PRICOLLTD,INE726V01018,08-07-2024,NSE,EQ,EQ,buy,FALSE,1,496.1,403314805,1.20E+15,2024-07-08T10:17:07
PRICOLLTD,INE726V01018,08-07-2024,NSE,EQ,EQ,buy,FALSE,23,496.1,403314807,1.20E+15,2024-07-08T10:17:07
GANESHHOUC,INE460C01014,08-07-2024,NSE,EQ,EQ,buy,FALSE,6,"1,099.80",204348506,1.10E+15,2024-07-08T10:17:08
BEL,INE263A01024,08-07-2024,NSE,EQ,EQ,buy,FALSE,155,331.95,2385020,1.00E+15,2024-07-08T10:17:08
GANESHHOUC,INE460C01014,08-07-2024,NSE,EQ,EQ,buy,FALSE,8,"1,099.80",204348505,1.10E+15,2024-07-08T10:17:08
GANESHHOUC,INE460C01014,08-07-2024,NSE,EQ,EQ,buy,FALSE,34,"1,099.90",204348507,1.10E+15,2024-07-08T10:17:08
IRB,INE821I01022,08-07-2024,NSE,EQ,EQ,buy,FALSE,231,67.82,204348568,1.10E+15,2024-07-08T10:17:08
IRB,INE821I01022,08-07-2024,NSE,EQ,EQ,buy,FALSE,282,67.83,204348569,1.10E+15,2024-07-08T10:17:08
IRB,INE821I01022,08-07-2024,NSE,EQ,EQ,buy,FALSE,166,67.83,204348570,1.10E+15,2024-07-08T10:17:08
IRB,INE821I01022,08-07-2024,NSE,EQ,EQ,buy,FALSE,36,67.84,204348571,1.10E+15,2024-07-08T10:17:08
IRB,INE821I01022,08-07-2024,NSE,EQ,EQ,buy,FALSE,24,67.84,204348572,1.10E+15,2024-07-08T10:17:08
TRENT,INE849A01020,05-08-2024,NSE,EQ,EQ,buy,FALSE,1,"5,331.35",612957021,1.30E+15,2024-08-05T13:25:38
ASTRAMICRO,INE386C01029,05-08-2024,NSE,EQ,EQ,buy,FALSE,1,849.2,9131608,1.00E+15,2024-08-05T13:25:38
ASTRAMICRO,INE386C01029,05-08-2024,NSE,EQ,EQ,buy,FALSE,11,849.2,9131609,1.00E+15,2024-08-05T13:25:38
NIFTYBEES,INF204KB14I2,05-08-2024,NSE,EQ,EQ,buy,FALSE,19,268.37,412014352,1.20E+15,2024-08-05T13:25:38
ASTRAMICRO,INE386C01029,05-08-2024,NSE,EQ,EQ,buy,FALSE,1,849.2,9131610,1.00E+15,2024-08-05T13:25:38
ASTRAMICRO,INE386C01029,05-08-2024,NSE,EQ,EQ,buy,FALSE,1,849.05,9131605,1.00E+15,2024-08-05T13:25:38
ASTRAMICRO,INE386C01029,05-08-2024,NSE,EQ,EQ,buy,FALSE,34,849.25,9131611,1.00E+15,2024-08-05T13:25:38
ASTRAMICRO,INE386C01029,05-08-2024,NSE,EQ,EQ,buy,FALSE,3,849.3,9131612,1.00E+15,2024-08-05T13:25:38
ASTRAMICRO,INE386C01029,05-08-2024,NSE,EQ,EQ,buy,FALSE,1,849.1,9131606,1.00E+15,2024-08-05T13:25:38
ASTRAMICRO,INE386C01029,05-08-2024,NSE,EQ,EQ,buy,FALSE,3,849.3,9131613,1.00E+15,2024-08-05T13:25:38
BEL,INE263A01024,05-08-2024,NSE,EQ,EQ,buy,FALSE,170,292,9131741,1.00E+15,2024-08-05T13:25:38
ASTRAMICRO,INE386C01029,05-08-2024,NSE,EQ,EQ,buy,FALSE,5,849.15,9131607,1.00E+15,2024-08-05T13:25:38
TRENT,INE849A01020,05-08-2024,NSE,EQ,EQ,buy,FALSE,3,"5,331.95",612957023,1.30E+15,2024-08-05T13:25:38
TRENT,INE849A01020,05-08-2024,NSE,EQ,EQ,buy,FALSE,6,"5,331.40",612957022,1.30E+15,2024-08-05T13:25:38
TIPSINDLTD,INE716B01029,05-08-2024,NSE,EQ,EQ,buy,FALSE,5,593.05,612957172,1.30E+15,2024-08-05T13:25:39
TIPSINDLTD,INE716B01029,05-08-2024,NSE,EQ,EQ,buy,FALSE,3,593.05,612957174,1.30E+15,2024-08-05T13:25:39
TIPSINDLTD,INE716B01029,05-08-2024,NSE,EQ,EQ,buy,FALSE,1,593.05,612957175,1.30E+15,2024-08-05T13:25:39
TIPSINDLTD,INE716B01029,05-08-2024,NSE,EQ,EQ,buy,FALSE,1,593.05,612957176,1.30E+15,2024-08-05T13:25:39
TIPSINDLTD,INE716B01029,05-08-2024,NSE,EQ,EQ,buy,FALSE,6,593.05,612957177,1.30E+15,2024-08-05T13:25:39
SJVN,INE002L01015,05-08-2024,NSE,EQ,EQ,buy,FALSE,175,138.34,612957285,1.30E+15,2024-08-05T13:25:39
SJVN,INE002L01015,05-08-2024,NSE,EQ,EQ,buy,FALSE,175,138.34,612957286,1.30E+15,2024-08-05T13:25:39
RVNL,INE415G01027,05-08-2024,NSE,EQ,EQ,buy,FALSE,90,551.4,612957354,1.30E+15,2024-08-05T13:25:39
GRAVITA,INE024L01027,05-08-2024,NSE,EQ,EQ,buy,FALSE,3,"1,618.95",212187867,1.10E+15,2024-08-05T13:25:39
GRAVITA,INE024L01027,05-08-2024,NSE,EQ,EQ,buy,FALSE,1,"1,618.95",212187866,1.10E+15,2024-08-05T13:25:39
GRAVITA,INE024L01027,05-08-2024,NSE,EQ,EQ,buy,FALSE,1,"1,618.90",212187865,1.10E+15,2024-08-05T13:25:39
TIPSINDLTD,INE716B01029,05-08-2024,NSE,EQ,EQ,buy,FALSE,1,592.95,612957160,1.30E+15,2024-08-05T13:25:39
TIPSINDLTD,INE716B01029,05-08-2024,NSE,EQ,EQ,buy,FALSE,1,592.95,612957161,1.30E+15,2024-08-05T13:25:39
TIPSINDLTD,INE716B01029,05-08-2024,NSE,EQ,EQ,buy,FALSE,1,592.95,612957162,1.30E+15,2024-08-05T13:25:39
TIPSINDLTD,INE716B01029,05-08-2024,NSE,EQ,EQ,buy,FALSE,1,592.95,612957163,1.30E+15,2024-08-05T13:25:39
TIPSINDLTD,INE716B01029,05-08-2024,NSE,EQ,EQ,buy,FALSE,1,592.95,612957164,1.30E+15,2024-08-05T13:25:39
TIPSINDLTD,INE716B01029,05-08-2024,NSE,EQ,EQ,buy,FALSE,1,592.95,612957165,1.30E+15,2024-08-05T13:25:39
TIPSINDLTD,INE716B01029,05-08-2024,NSE,EQ,EQ,buy,FALSE,1,592.95,612957166,1.30E+15,2024-08-05T13:25:39
TIPSINDLTD,INE716B01029,05-08-2024,NSE,EQ,EQ,buy,FALSE,4,592.95,612957167,1.30E+15,2024-08-05T13:25:39
TIPSINDLTD,INE716B01029,05-08-2024,NSE,EQ,EQ,buy,FALSE,13,593,612957168,1.30E+15,2024-08-05T13:25:39
TIPSINDLTD,INE716B01029,05-08-2024,NSE,EQ,EQ,buy,FALSE,4,593,612957169,1.30E+15,2024-08-05T13:25:39
TIPSINDLTD,INE716B01029,05-08-2024,NSE,EQ,EQ,buy,FALSE,1,593.05,612957170,1.30E+15,2024-08-05T13:25:39
TIPSINDLTD,INE716B01029,05-08-2024,NSE,EQ,EQ,buy,FALSE,7,593.05,612957171,1.30E+15,2024-08-05T13:25:39
TIPSINDLTD,INE716B01029,05-08-2024,NSE,EQ,EQ,buy,FALSE,1,593.05,612957173,1.30E+15,2024-08-05T13:25:39
GRAVITA,INE024L01027,05-08-2024,NSE,EQ,EQ,buy,FALSE,3,"1,619.20",212187873,1.10E+15,2024-08-05T13:25:39
GRAVITA,INE024L01027,05-08-2024,NSE,EQ,EQ,buy,FALSE,2,"1,619.25",212187874,1.10E+15,2024-08-05T13:25:39
GRAVITA,INE024L01027,05-08-2024,NSE,EQ,EQ,buy,FALSE,1,"1,619.25",212187875,1.10E+15,2024-08-05T13:25:39
GRAVITA,INE024L01027,05-08-2024,NSE,EQ,EQ,buy,FALSE,2,"1,619.25",212187876,1.10E+15,2024-08-05T13:25:39
GRAVITA,INE024L01027,05-08-2024,NSE,EQ,EQ,buy,FALSE,1,"1,619.25",212187877,1.10E+15,2024-08-05T13:25:39
GRAVITA,INE024L01027,05-08-2024,NSE,EQ,EQ,buy,FALSE,1,"1,619.25",212187878,1.10E+15,2024-08-05T13:25:39
GRAVITA,INE024L01027,05-08-2024,NSE,EQ,EQ,buy,FALSE,8,"1,619.20",212187872,1.10E+15,2024-08-05T13:25:39
GRAVITA,INE024L01027,05-08-2024,NSE,EQ,EQ,buy,FALSE,3,"1,619.15",212187871,1.10E+15,2024-08-05T13:25:39
GRAVITA,INE024L01027,05-08-2024,NSE,EQ,EQ,buy,FALSE,1,"1,619.10",212187870,1.10E+15,2024-08-05T13:25:39
GRAVITA,INE024L01027,05-08-2024,NSE,EQ,EQ,buy,FALSE,1,"1,619.05",212187869,1.10E+15,2024-08-05T13:25:39
GRAVITA,INE024L01027,05-08-2024,NSE,EQ,EQ,buy,FALSE,2,"1,619",212187868,1.10E+15,2024-08-05T13:25:39
PRESTIGE,INE811K01011,05-08-2024,NSE,EQ,EQ,buy,FALSE,30,"1,648.40",412014716,1.20E+15,2024-08-05T13:25:39
TIPSINDLTD,INE716B01029,05-08-2024,NSE,EQ,EQ,buy,FALSE,1,592.8,612957155,1.30E+15,2024-08-05T13:25:39
TIPSINDLTD,INE716B01029,05-08-2024,NSE,EQ,EQ,buy,FALSE,19,592.85,612957156,1.30E+15,2024-08-05T13:25:39
TIPSINDLTD,INE716B01029,05-08-2024,NSE,EQ,EQ,buy,FALSE,1,592.9,612957157,1.30E+15,2024-08-05T13:25:39
TIPSINDLTD,INE716B01029,05-08-2024,NSE,EQ,EQ,buy,FALSE,1,592.9,612957158,1.30E+15,2024-08-05T13:25:39
TIPSINDLTD,INE716B01029,05-08-2024,NSE,EQ,EQ,buy,FALSE,10,592.9,612957159,1.30E+15,2024-08-05T13:25:39
ASTRAMICRO,INE386C01029,05-08-2024,NSE,EQ,EQ,buy,FALSE,1,849.45,9140129,1.00E+15,2024-08-05T13:25:59
ASTRAMICRO,INE386C01029,05-08-2024,NSE,EQ,EQ,buy,FALSE,25,849.45,9140130,1.00E+15,2024-08-05T13:25:59
ASTRAMICRO,INE386C01029,05-08-2024,NSE,EQ,EQ,buy,FALSE,3,849.45,9140131,1.00E+15,2024-08-05T13:25:59
ASTRAMICRO,INE386C01029,05-08-2024,NSE,EQ,EQ,buy,FALSE,8,849.65,9140132,1.00E+15,2024-08-05T13:25:59
ASTRAMICRO,INE386C01029,05-08-2024,NSE,EQ,EQ,buy,FALSE,10,849.65,9140133,1.00E+15,2024-08-05T13:25:59
ASTRAMICRO,INE386C01029,05-08-2024,NSE,EQ,EQ,buy,FALSE,13,849.65,9140134,1.00E+15,2024-08-05T13:25:59
BEL,INE263A01024,05-08-2024,NSE,EQ,EQ,buy,FALSE,127,292.7,9140160,1.00E+15,2024-08-05T13:25:59
TRENT,INE849A01020,05-08-2024,NSE,EQ,EQ,buy,FALSE,2,"5,341.95",612968050,1.30E+15,2024-08-05T13:25:59
NIFTYBEES,INF204KB14I2,05-08-2024,NSE,EQ,EQ,buy,FALSE,19,268.43,412024930,1.20E+15,2024-08-05T13:25:59
BEL,INE263A01024,05-08-2024,NSE,EQ,EQ,buy,FALSE,26,292.7,9140161,1.00E+15,2024-08-05T13:25:59
BEL,INE263A01024,05-08-2024,NSE,EQ,EQ,buy,FALSE,17,292.7,9140162,1.00E+15,2024-08-05T13:25:59
TRENT,INE849A01020,05-08-2024,NSE,EQ,EQ,buy,FALSE,1,"5,343",612968052,1.30E+15,2024-08-05T13:25:59
TRENT,INE849A01020,05-08-2024,NSE,EQ,EQ,buy,FALSE,7,"5,343",612968051,1.30E+15,2024-08-05T13:25:59
GRAVITA,INE024L01027,05-08-2024,NSE,EQ,EQ,buy,FALSE,1,"1,619.60",212201304,1.10E+15,2024-08-05T13:26:00
GRAVITA,INE024L01027,05-08-2024,NSE,EQ,EQ,buy,FALSE,1,"1,618.95",212201299,1.10E+15,2024-08-05T13:26:00
GRAVITA,INE024L01027,05-08-2024,NSE,EQ,EQ,buy,FALSE,4,"1,619.05",212201300,1.10E+15,2024-08-05T13:26:00
GRAVITA,INE024L01027,05-08-2024,NSE,EQ,EQ,buy,FALSE,2,"1,619.45",212201301,1.10E+15,2024-08-05T13:26:00
GRAVITA,INE024L01027,05-08-2024,NSE,EQ,EQ,buy,FALSE,8,"1,619.50",212201302,1.10E+15,2024-08-05T13:26:00
GRAVITA,INE024L01027,05-08-2024,NSE,EQ,EQ,buy,FALSE,1,"1,619.55",212201303,1.10E+15,2024-08-05T13:26:00
GRAVITA,INE024L01027,05-08-2024,NSE,EQ,EQ,buy,FALSE,1,"1,619.70",212201305,1.10E+15,2024-08-05T13:26:00
GRAVITA,INE024L01027,05-08-2024,NSE,EQ,EQ,buy,FALSE,4,"1,619.75",212201306,1.10E+15,2024-08-05T13:26:00
GRAVITA,INE024L01027,05-08-2024,NSE,EQ,EQ,buy,FALSE,8,"1,619.80",212201307,1.10E+15,2024-08-05T13:26:00
PRESTIGE,INE811K01011,05-08-2024,NSE,EQ,EQ,buy,FALSE,19,"1,649.90",412025591,1.20E+15,2024-08-05T13:26:00
PRESTIGE,INE811K01011,05-08-2024,NSE,EQ,EQ,buy,FALSE,11,"1,649.90",412025592,1.20E+15,2024-08-05T13:26:00
TIPSINDLTD,INE716B01029,05-08-2024,NSE,EQ,EQ,buy,FALSE,4,593.4,612968479,1.30E+15,2024-08-05T13:26:00
TIPSINDLTD,INE716B01029,05-08-2024,NSE,EQ,EQ,buy,FALSE,4,593.4,612968480,1.30E+15,2024-08-05T13:26:00
TIPSINDLTD,INE716B01029,05-08-2024,NSE,EQ,EQ,buy,FALSE,1,593.4,612968481,1.30E+15,2024-08-05T13:26:00
TIPSINDLTD,INE716B01029,05-08-2024,NSE,EQ,EQ,buy,FALSE,1,593.4,612968482,1.30E+15,2024-08-05T13:26:00
TIPSINDLTD,INE716B01029,05-08-2024,NSE,EQ,EQ,buy,FALSE,5,593.4,612968483,1.30E+15,2024-08-05T13:26:00
TIPSINDLTD,INE716B01029,05-08-2024,NSE,EQ,EQ,buy,FALSE,35,593.55,612968484,1.30E+15,2024-08-05T13:26:00
TIPSINDLTD,INE716B01029,05-08-2024,NSE,EQ,EQ,buy,FALSE,6,593.65,612968485,1.30E+15,2024-08-05T13:26:00
TIPSINDLTD,INE716B01029,05-08-2024,NSE,EQ,EQ,buy,FALSE,1,593.7,612968486,1.30E+15,2024-08-05T13:26:00
TIPSINDLTD,INE716B01029,05-08-2024,NSE,EQ,EQ,buy,FALSE,28,593.7,612968487,1.30E+15,2024-08-05T13:26:00
SJVN,INE002L01015,05-08-2024,NSE,EQ,EQ,buy,FALSE,350,138.51,612968569,1.30E+15,2024-08-05T13:26:00
RVNL,INE415G01027,05-08-2024,NSE,EQ,EQ,buy,FALSE,25,552.3,612968710,1.30E+15,2024-08-05T13:26:00
RVNL,INE415G01027,05-08-2024,NSE,EQ,EQ,buy,FALSE,20,552.3,612968711,1.30E+15,2024-08-05T13:26:00
RVNL,INE415G01027,05-08-2024,NSE,EQ,EQ,buy,FALSE,15,552.3,612968712,1.30E+15,2024-08-05T13:26:00
RVNL,INE415G01027,05-08-2024,NSE,EQ,EQ,buy,FALSE,10,552.3,612968713,1.30E+15,2024-08-05T13:26:00
RVNL,INE415G01027,05-08-2024,NSE,EQ,EQ,buy,FALSE,20,552.3,612968714,1.30E+15,2024-08-05T13:26:00
DBREALTY,INE879I01012,29-08-2024,NSE,EQ,EQ,buy,FALSE,1,193.96,209503333,1.10E+15,2024-08-29T15:08:32
DBREALTY,INE879I01012,29-08-2024,NSE,EQ,EQ,sell,FALSE,1,194.11,209673613,1.10E+15,2024-08-29T15:12:11
DBREALTY,INE879I01012,29-08-2024,NSE,EQ,EQ,buy,FALSE,1,193.62,209923043,1.10E+15,2024-08-29T15:17:16
DBREALTY,INE879I01012,30-08-2024,NSE,EQ,EQ,sell,FALSE,1,196.5,207750118,1.10E+15,2024-08-30T14:46:13
SHARDAMOTR,INE597I01028,02-09-2024,NSE,EQ,EQ,buy,FALSE,1,"2,657.25",601514603,1.30E+15,2024-09-02T09:40:27
NIFTYBEES,INF204KB14I2,02-09-2024,NSE,EQ,EQ,buy,FALSE,18,281.7,401716319,1.20E+15,2024-09-02T09:40:27
TRENT,INE849A01020,02-09-2024,NSE,EQ,EQ,buy,FALSE,2,"7,213.55",601514278,1.30E+15,2024-09-02T09:40:27
TRENT,INE849A01020,02-09-2024,NSE,EQ,EQ,buy,FALSE,5,"7,213.55",601514279,1.30E+15,2024-09-02T09:40:27
RVNL,INE415G01027,02-09-2024,NSE,EQ,EQ,buy,FALSE,82,602.9,601514469,1.30E+15,2024-09-02T09:40:27
SHARDAMOTR,INE597I01028,02-09-2024,NSE,EQ,EQ,buy,FALSE,1,"2,655.30",601514596,1.30E+15,2024-09-02T09:40:27
SHARDAMOTR,INE597I01028,02-09-2024,NSE,EQ,EQ,buy,FALSE,2,"2,655.85",601514597,1.30E+15,2024-09-02T09:40:27
SHARDAMOTR,INE597I01028,02-09-2024,NSE,EQ,EQ,buy,FALSE,4,"2,655.90",601514598,1.30E+15,2024-09-02T09:40:27
SHARDAMOTR,INE597I01028,02-09-2024,NSE,EQ,EQ,buy,FALSE,1,"2,657.10",601514599,1.30E+15,2024-09-02T09:40:27
SHARDAMOTR,INE597I01028,02-09-2024,NSE,EQ,EQ,buy,FALSE,4,"2,657.10",601514600,1.30E+15,2024-09-02T09:40:27
SHARDAMOTR,INE597I01028,02-09-2024,NSE,EQ,EQ,buy,FALSE,2,"2,657.20",601514601,1.30E+15,2024-09-02T09:40:27
SHARDAMOTR,INE597I01028,02-09-2024,NSE,EQ,EQ,buy,FALSE,1,"2,657.25",601514602,1.30E+15,2024-09-02T09:40:27
SHARDAMOTR,INE597I01028,02-09-2024,NSE,EQ,EQ,buy,FALSE,1,"2,657.30",601514604,1.30E+15,2024-09-02T09:40:27
SHARDAMOTR,INE597I01028,02-09-2024,NSE,EQ,EQ,buy,FALSE,2,"2,657.35",601514605,1.30E+15,2024-09-02T09:40:27
TATAINVEST,INE672A01018,02-09-2024,NSE,EQ,EQ,buy,FALSE,1,"7,315.95",601514980,1.30E+15,2024-09-02T09:40:28
FACT,INE188A01015,02-09-2024,NSE,EQ,EQ,buy,FALSE,6,979.6,201790893,1.10E+15,2024-09-02T09:40:28
FACT,INE188A01015,02-09-2024,NSE,EQ,EQ,buy,FALSE,1,979.55,201790892,1.10E+15,2024-09-02T09:40:28
FACT,INE188A01015,02-09-2024,NSE,EQ,EQ,buy,FALSE,6,979.5,201790891,1.10E+15,2024-09-02T09:40:28
HBLPOWER,INE292B01021,02-09-2024,NSE,EQ,EQ,buy,FALSE,1,620.35,201790357,1.10E+15,2024-09-02T09:40:28
ANANTRAJ,INE242C01024,02-09-2024,NSE,EQ,EQ,buy,FALSE,53,597,1164112,1.00E+15,2024-09-02T09:40:28
TATAINVEST,INE672A01018,02-09-2024,NSE,EQ,EQ,buy,FALSE,2,"7,316.05",601514982,1.30E+15,2024-09-02T09:40:28
TATAINVEST,INE672A01018,02-09-2024,NSE,EQ,EQ,buy,FALSE,4,"7,315.95",601514981,1.30E+15,2024-09-02T09:40:28
FACT,INE188A01015,02-09-2024,NSE,EQ,EQ,buy,FALSE,4,979.65,201790894,1.10E+15,2024-09-02T09:40:28
ANANTRAJ,INE242C01024,02-09-2024,NSE,EQ,EQ,buy,FALSE,32,597,1164113,1.00E+15,2024-09-02T09:40:28
HBLPOWER,INE292B01021,02-09-2024,NSE,EQ,EQ,buy,FALSE,79,620.35,201790356,1.10E+15,2024-09-02T09:40:28
ELECTCAST,INE086A01029,02-09-2024,NSE,EQ,EQ,buy,FALSE,34,211.38,201791539,1.10E+15,2024-09-02T09:40:28
ELECTCAST,INE086A01029,02-09-2024,NSE,EQ,EQ,buy,FALSE,20,211.38,201791538,1.10E+15,2024-09-02T09:40:28
ELECTCAST,INE086A01029,02-09-2024,NSE,EQ,EQ,buy,FALSE,48,211.34,201791537,1.10E+15,2024-09-02T09:40:28
ELECTCAST,INE086A01029,02-09-2024,NSE,EQ,EQ,buy,FALSE,80,211.33,201791536,1.10E+15,2024-09-02T09:40:28
ELECTCAST,INE086A01029,02-09-2024,NSE,EQ,EQ,buy,FALSE,51,211.33,201791535,1.10E+15,2024-09-02T09:40:28
ELECTCAST,INE086A01029,02-09-2024,NSE,EQ,EQ,buy,FALSE,1,211.33,201791534,1.10E+15,2024-09-02T09:40:28
FACT,INE188A01015,02-09-2024,NSE,EQ,EQ,buy,FALSE,34,979.65,201790895,1.10E+15,2024-09-02T09:40:28
NIFTYBEES,INF204KB14I2,02-09-2024,NSE,EQ,EQ,buy,FALSE,18,281.7,401734250,1.20E+15,2024-09-02T09:40:48
FACT,INE188A01015,02-09-2024,NSE,EQ,EQ,buy,FALSE,1,979.65,201810251,1.10E+15,2024-09-02T09:40:49
TRENT,INE849A01020,02-09-2024,NSE,EQ,EQ,buy,FALSE,2,"7,208.40",601528615,1.30E+15,2024-09-02T09:40:49
HBLPOWER,INE292B01021,02-09-2024,NSE,EQ,EQ,buy,FALSE,80,620.45,201810164,1.10E+15,2024-09-02T09:40:49
FACT,INE188A01015,02-09-2024,NSE,EQ,EQ,buy,FALSE,2,979.65,201810261,1.10E+15,2024-09-02T09:40:49
FACT,INE188A01015,02-09-2024,NSE,EQ,EQ,buy,FALSE,6,979.65,201810260,1.10E+15,2024-09-02T09:40:49
FACT,INE188A01015,02-09-2024,NSE,EQ,EQ,buy,FALSE,2,979.65,201810259,1.10E+15,2024-09-02T09:40:49
FACT,INE188A01015,02-09-2024,NSE,EQ,EQ,buy,FALSE,6,979.65,201810258,1.10E+15,2024-09-02T09:40:49
FACT,INE188A01015,02-09-2024,NSE,EQ,EQ,buy,FALSE,2,979.65,201810257,1.10E+15,2024-09-02T09:40:49
FACT,INE188A01015,02-09-2024,NSE,EQ,EQ,buy,FALSE,6,979.65,201810256,1.10E+15,2024-09-02T09:40:49
FACT,INE188A01015,02-09-2024,NSE,EQ,EQ,buy,FALSE,2,979.65,201810255,1.10E+15,2024-09-02T09:40:49
TRENT,INE849A01020,02-09-2024,NSE,EQ,EQ,buy,FALSE,1,"7,208.40",601528614,1.30E+15,2024-09-02T09:40:49
FACT,INE188A01015,02-09-2024,NSE,EQ,EQ,buy,FALSE,6,979.65,201810254,1.10E+15,2024-09-02T09:40:49
FACT,INE188A01015,02-09-2024,NSE,EQ,EQ,buy,FALSE,1,979.65,201810253,1.10E+15,2024-09-02T09:40:49
FACT,INE188A01015,02-09-2024,NSE,EQ,EQ,buy,FALSE,6,979.65,201810252,1.10E+15,2024-09-02T09:40:49
FACT,INE188A01015,02-09-2024,NSE,EQ,EQ,buy,FALSE,11,979.65,201810262,1.10E+15,2024-09-02T09:40:49
TRENT,INE849A01020,02-09-2024,NSE,EQ,EQ,buy,FALSE,4,"7,208.40",601528616,1.30E+15,2024-09-02T09:40:49
RVNL,INE415G01027,02-09-2024,NSE,EQ,EQ,buy,FALSE,8,602.85,601528772,1.30E+15,2024-09-02T09:40:49
RVNL,INE415G01027,02-09-2024,NSE,EQ,EQ,buy,FALSE,74,602.85,601528773,1.30E+15,2024-09-02T09:40:49
SHARDAMOTR,INE597I01028,02-09-2024,NSE,EQ,EQ,buy,FALSE,1,"2,656.75",601528910,1.30E+15,2024-09-02T09:40:49
SHARDAMOTR,INE597I01028,02-09-2024,NSE,EQ,EQ,buy,FALSE,5,"2,656.80",601528911,1.30E+15,2024-09-02T09:40:49
SHARDAMOTR,INE597I01028,02-09-2024,NSE,EQ,EQ,buy,FALSE,8,"2,657",601528913,1.30E+15,2024-09-02T09:40:49
SHARDAMOTR,INE597I01028,02-09-2024,NSE,EQ,EQ,buy,FALSE,5,"2,656.85",601528912,1.30E+15,2024-09-02T09:40:49
ANANTRAJ,INE242C01024,02-09-2024,NSE,EQ,EQ,buy,FALSE,85,596.7,1175613,1.00E+15,2024-09-02T09:40:50
ELECTCAST,INE086A01029,02-09-2024,NSE,EQ,EQ,buy,FALSE,44,211.41,201810589,1.10E+15,2024-09-02T09:40:50
ELECTCAST,INE086A01029,02-09-2024,NSE,EQ,EQ,buy,FALSE,50,211.37,201810588,1.10E+15,2024-09-02T09:40:50
ELECTCAST,INE086A01029,02-09-2024,NSE,EQ,EQ,buy,FALSE,48,211.36,201810587,1.10E+15,2024-09-02T09:40:50
ELECTCAST,INE086A01029,02-09-2024,NSE,EQ,EQ,buy,FALSE,92,211.36,201810586,1.10E+15,2024-09-02T09:40:50
TATAINVEST,INE672A01018,02-09-2024,NSE,EQ,EQ,buy,FALSE,1,"7,315.95",601529438,1.30E+15,2024-09-02T09:40:50
TATAINVEST,INE672A01018,02-09-2024,NSE,EQ,EQ,buy,FALSE,2,"7,315.95",601529437,1.30E+15,2024-09-02T09:40:50
TATAINVEST,INE672A01018,02-09-2024,NSE,EQ,EQ,buy,FALSE,4,"7,315.95",601529439,1.30E+15,2024-09-02T09:40:50
COROMANDEL,INE169A01031,07-10-2024,NSE,EQ,EQ,sell,FALSE,6,"1,567.80",7327146,1.00E+15,2024-10-07T13:35:41
COROMANDEL,INE169A01031,07-10-2024,NSE,EQ,EQ,sell,FALSE,1,"1,567.75",7327147,1.00E+15,2024-10-07T13:35:41
COROMANDEL,INE169A01031,07-10-2024,NSE,EQ,EQ,sell,FALSE,1,"1,567.70",7327148,1.00E+15,2024-10-07T13:35:41
COROMANDEL,INE169A01031,07-10-2024,NSE,EQ,EQ,sell,FALSE,1,"1,567.65",7327149,1.00E+15,2024-10-07T13:35:41
COROMANDEL,INE169A01031,07-10-2024,NSE,EQ,EQ,sell,FALSE,1,"1,567.60",7327150,1.00E+15,2024-10-07T13:35:41
COROMANDEL,INE169A01031,07-10-2024,NSE,EQ,EQ,sell,FALSE,1,"1,567.55",7327151,1.00E+15,2024-10-07T13:35:41
COROMANDEL,INE169A01031,07-10-2024,NSE,EQ,EQ,sell,FALSE,6,"1,567.55",7327152,1.00E+15,2024-10-07T13:35:41
COROMANDEL,INE169A01031,07-10-2024,NSE,EQ,EQ,sell,FALSE,3,"1,567.35",7327154,1.00E+15,2024-10-07T13:35:41
COROMANDEL,INE169A01031,07-10-2024,NSE,EQ,EQ,sell,FALSE,13,"1,567.30",7327155,1.00E+15,2024-10-07T13:35:41
COROMANDEL,INE169A01031,07-10-2024,NSE,EQ,EQ,sell,FALSE,6,"1,567.30",7327156,1.00E+15,2024-10-07T13:35:41
COROMANDEL,INE169A01031,07-10-2024,NSE,EQ,EQ,sell,FALSE,2,"1,567.40",7327153,1.00E+15,2024-10-07T13:35:41
BHARTIARTL,INE397D01024,07-10-2024,NSE,EQ,EQ,sell,FALSE,25,"1,656.20",7327139,1.00E+15,2024-10-07T13:35:41
BHARTIARTL,INE397D01024,07-10-2024,NSE,EQ,EQ,sell,FALSE,30,"1,656.15",7327140,1.00E+15,2024-10-07T13:35:41
COROMANDEL,INE169A01031,07-10-2024,NSE,EQ,EQ,sell,FALSE,1,"1,567.80",7327145,1.00E+15,2024-10-07T13:35:41
TATAINVEST,INE672A01018,07-10-2024,NSE,EQ,EQ,sell,FALSE,1,"6,437.05",608516718,1.30E+15,2024-10-07T13:35:41
RATNAMANI,INE703B01027,07-10-2024,NSE,EQ,EQ,sell,FALSE,10,"3,548.25",608516685,1.30E+15,2024-10-07T13:35:41
RATNAMANI,INE703B01027,07-10-2024,NSE,EQ,EQ,sell,FALSE,2,"3,544.25",608516686,1.30E+15,2024-10-07T13:35:41
RATNAMANI,INE703B01027,07-10-2024,NSE,EQ,EQ,sell,FALSE,2,"3,544.20",608516687,1.30E+15,2024-10-07T13:35:41
RATNAMANI,INE703B01027,07-10-2024,NSE,EQ,EQ,sell,FALSE,1,"3,544.20",608516688,1.30E+15,2024-10-07T13:35:41
RATNAMANI,INE703B01027,07-10-2024,NSE,EQ,EQ,sell,FALSE,1,"3,544.20",608516689,1.30E+15,2024-10-07T13:35:41
RATNAMANI,INE703B01027,07-10-2024,NSE,EQ,EQ,sell,FALSE,1,"3,544.20",608516690,1.30E+15,2024-10-07T13:35:41
ESABINDIA,INE284A01012,07-10-2024,NSE,EQ,EQ,sell,FALSE,1,"6,003.65",209287658,1.10E+15,2024-10-07T13:35:41
ESABINDIA,INE284A01012,07-10-2024,NSE,EQ,EQ,sell,FALSE,1,"6,001.60",209287659,1.10E+15,2024-10-07T13:35:41
ESABINDIA,INE284A01012,07-10-2024,NSE,EQ,EQ,sell,FALSE,1,"6,001.10",209287660,1.10E+15,2024-10-07T13:35:41
ESABINDIA,INE284A01012,07-10-2024,NSE,EQ,EQ,sell,FALSE,5,"6,001",209287661,1.10E+15,2024-10-07T13:35:41
ESABINDIA,INE284A01012,07-10-2024,NSE,EQ,EQ,sell,FALSE,2,"6,000",209287662,1.10E+15,2024-10-07T13:35:41
RATNAMANI,INE703B01027,07-10-2024,NSE,EQ,EQ,sell,FALSE,2,"3,543.65",608516691,1.30E+15,2024-10-07T13:35:41
RATNAMANI,INE703B01027,07-10-2024,NSE,EQ,EQ,sell,FALSE,1,"3,543.10",608516692,1.30E+15,2024-10-07T13:35:41
TATAINVEST,INE672A01018,07-10-2024,NSE,EQ,EQ,sell,FALSE,4,"6,437.10",608516715,1.30E+15,2024-10-07T13:35:41
TATAINVEST,INE672A01018,07-10-2024,NSE,EQ,EQ,sell,FALSE,1,"6,437.05",608516716,1.30E+15,2024-10-07T13:35:41
TATAINVEST,INE672A01018,07-10-2024,NSE,EQ,EQ,sell,FALSE,5,"6,437.05",608516717,1.30E+15,2024-10-07T13:35:41
TITAN,INE280A01028,07-10-2024,NSE,EQ,EQ,sell,FALSE,15,"3,580.90",608516762,1.30E+15,2024-10-07T13:35:41
TATAINVEST,INE672A01018,07-10-2024,NSE,EQ,EQ,sell,FALSE,1,"6,436.85",608516722,1.30E+15,2024-10-07T13:35:41
TATAINVEST,INE672A01018,07-10-2024,NSE,EQ,EQ,sell,FALSE,1,"6,437",608516721,1.30E+15,2024-10-07T13:35:41
TATAINVEST,INE672A01018,07-10-2024,NSE,EQ,EQ,sell,FALSE,1,"6,437",608516720,1.30E+15,2024-10-07T13:35:41
TATAINVEST,INE672A01018,07-10-2024,NSE,EQ,EQ,sell,FALSE,1,"6,437",608516719,1.30E+15,2024-10-07T13:35:41
VBL,INE200M01039,07-10-2024,NSE,EQ,EQ,sell,FALSE,89,544.25,608516934,1.30E+15,2024-10-07T13:35:42
VBL,INE200M01039,07-10-2024,NSE,EQ,EQ,sell,FALSE,36,544.3,608516933,1.30E+15,2024-10-07T13:35:42
VBL,INE200M01039,07-10-2024,NSE,EQ,EQ,sell,FALSE,5,544.3,608516932,1.30E+15,2024-10-07T13:35:42
VBL,INE200M01039,07-10-2024,NSE,EQ,EQ,sell,FALSE,7,544.35,608516931,1.30E+15,2024-10-07T13:35:42
TORNTPOWER,INE813H01021,07-10-2024,NSE,EQ,EQ,sell,FALSE,1,"1,815.40",608516917,1.30E+15,2024-10-07T13:35:42
TORNTPOWER,INE813H01021,07-10-2024,NSE,EQ,EQ,sell,FALSE,17,"1,815.40",608516916,1.30E+15,2024-10-07T13:35:42
TORNTPOWER,INE813H01021,07-10-2024,NSE,EQ,EQ,sell,FALSE,1,"1,815.40",608516915,1.30E+15,2024-10-07T13:35:42
TORNTPOWER,INE813H01021,07-10-2024,NSE,EQ,EQ,sell,FALSE,17,"1,815.40",608516914,1.30E+15,2024-10-07T13:35:42
TORNTPOWER,INE813H01021,07-10-2024,NSE,EQ,EQ,sell,FALSE,1,"1,815.40",608516913,1.30E+15,2024-10-07T13:35:42
TORNTPOWER,INE813H01021,07-10-2024,NSE,EQ,EQ,sell,FALSE,17,"1,815.40",608516912,1.30E+15,2024-10-07T13:35:42
TORNTPOWER,INE813H01021,07-10-2024,NSE,EQ,EQ,sell,FALSE,1,"1,815.40",608516911,1.30E+15,2024-10-07T13:35:42
TORNTPOWER,INE813H01021,07-10-2024,NSE,EQ,EQ,sell,FALSE,1,"1,815.45",608516910,1.30E+15,2024-10-07T13:35:42
TORNTPOWER,INE813H01021,07-10-2024,NSE,EQ,EQ,sell,FALSE,1,"1,815.45",608516909,1.30E+15,2024-10-07T13:35:42
TORNTPOWER,INE813H01021,07-10-2024,NSE,EQ,EQ,sell,FALSE,1,"1,815.45",608516908,1.30E+15,2024-10-07T13:35:42
TORNTPOWER,INE813H01021,07-10-2024,NSE,EQ,EQ,sell,FALSE,1,"1,815.45",608516907,1.30E+15,2024-10-07T13:35:42
TORNTPOWER,INE813H01021,07-10-2024,NSE,EQ,EQ,sell,FALSE,1,"1,815.45",608516906,1.30E+15,2024-10-07T13:35:42
TORNTPOWER,INE813H01021,07-10-2024,NSE,EQ,EQ,sell,FALSE,1,"1,815.45",608516905,1.30E+15,2024-10-07T13:35:42
TORNTPOWER,INE813H01021,07-10-2024,NSE,EQ,EQ,sell,FALSE,1,"1,815.45",608516904,1.30E+15,2024-10-07T13:35:42
TORNTPOWER,INE813H01021,07-10-2024,NSE,EQ,EQ,sell,FALSE,1,"1,815.45",608516903,1.30E+15,2024-10-07T13:35:42
TORNTPOWER,INE813H01021,07-10-2024,NSE,EQ,EQ,sell,FALSE,1,"1,815.50",608516901,1.30E+15,2024-10-07T13:35:42
TORNTPOWER,INE813H01021,07-10-2024,NSE,EQ,EQ,sell,FALSE,1,"1,815.55",608516900,1.30E+15,2024-10-07T13:35:42
TORNTPOWER,INE813H01021,07-10-2024,NSE,EQ,EQ,sell,FALSE,2,"1,815.45",608516902,1.30E+15,2024-10-07T13:35:42
TORNTPOWER,INE813H01021,07-10-2024,NSE,EQ,EQ,sell,FALSE,1,"1,815.30",608519496,1.30E+15,2024-10-07T13:35:50
TORNTPOWER,INE813H01021,07-10-2024,NSE,EQ,EQ,sell,FALSE,1,"1,815.30",608519498,1.30E+15,2024-10-07T13:35:50
TORNTPOWER,INE813H01021,07-10-2024,NSE,EQ,EQ,sell,FALSE,1,"1,815.30",608519499,1.30E+15,2024-10-07T13:35:50
TORNTPOWER,INE813H01021,07-10-2024,NSE,EQ,EQ,sell,FALSE,1,"1,815.30",608519500,1.30E+15,2024-10-07T13:35:50
TORNTPOWER,INE813H01021,07-10-2024,NSE,EQ,EQ,sell,FALSE,9,"1,815.25",608519501,1.30E+15,2024-10-07T13:35:50
TORNTPOWER,INE813H01021,07-10-2024,NSE,EQ,EQ,sell,FALSE,4,"1,815.20",608519502,1.30E+15,2024-10-07T13:35:50
TORNTPOWER,INE813H01021,07-10-2024,NSE,EQ,EQ,sell,FALSE,1,"1,815.20",608519503,1.30E+15,2024-10-07T13:35:50
TORNTPOWER,INE813H01021,07-10-2024,NSE,EQ,EQ,sell,FALSE,18,"1,815.15",608519504,1.30E+15,2024-10-07T13:35:50
VBL,INE200M01039,07-10-2024,NSE,EQ,EQ,sell,FALSE,2,543.75,608519517,1.30E+15,2024-10-07T13:35:50
VBL,INE200M01039,07-10-2024,NSE,EQ,EQ,sell,FALSE,71,543.75,608519518,1.30E+15,2024-10-07T13:35:50
VBL,INE200M01039,07-10-2024,NSE,EQ,EQ,sell,FALSE,64,543.75,608519519,1.30E+15,2024-10-07T13:35:50
BHARTIARTL,INE397D01024,07-10-2024,NSE,EQ,EQ,sell,FALSE,31,"1,656.35",7329569,1.00E+15,2024-10-07T13:35:50
BHARTIARTL,INE397D01024,07-10-2024,NSE,EQ,EQ,sell,FALSE,5,"1,656.35",7329570,1.00E+15,2024-10-07T13:35:50
BHARTIARTL,INE397D01024,07-10-2024,NSE,EQ,EQ,sell,FALSE,19,"1,656.35",7329571,1.00E+15,2024-10-07T13:35:50
COROMANDEL,INE169A01031,07-10-2024,NSE,EQ,EQ,sell,FALSE,6,"1,567.55",7329582,1.00E+15,2024-10-07T13:35:50
COROMANDEL,INE169A01031,07-10-2024,NSE,EQ,EQ,sell,FALSE,1,"1,567.55",7329583,1.00E+15,2024-10-07T13:35:50
COROMANDEL,INE169A01031,07-10-2024,NSE,EQ,EQ,sell,FALSE,4,"1,567.50",7329584,1.00E+15,2024-10-07T13:35:50
COROMANDEL,INE169A01031,07-10-2024,NSE,EQ,EQ,sell,FALSE,4,"1,567.45",7329585,1.00E+15,2024-10-07T13:35:50
COROMANDEL,INE169A01031,07-10-2024,NSE,EQ,EQ,sell,FALSE,6,"1,567.45",7329586,1.00E+15,2024-10-07T13:35:50
COROMANDEL,INE169A01031,07-10-2024,NSE,EQ,EQ,sell,FALSE,2,"1,567.45",7329587,1.00E+15,2024-10-07T13:35:50
COROMANDEL,INE169A01031,07-10-2024,NSE,EQ,EQ,sell,FALSE,17,"1,567.40",7329588,1.00E+15,2024-10-07T13:35:50
COROMANDEL,INE169A01031,07-10-2024,NSE,EQ,EQ,sell,FALSE,2,"1,567.30",7329589,1.00E+15,2024-10-07T13:35:50
ESABINDIA,INE284A01012,07-10-2024,NSE,EQ,EQ,sell,FALSE,1,"5,987.90",209290900,1.10E+15,2024-10-07T13:35:50
ESABINDIA,INE284A01012,07-10-2024,NSE,EQ,EQ,sell,FALSE,1,"5,985.55",209290901,1.10E+15,2024-10-07T13:35:50
ESABINDIA,INE284A01012,07-10-2024,NSE,EQ,EQ,sell,FALSE,1,"5,985.05",209290902,1.10E+15,2024-10-07T13:35:50
ESABINDIA,INE284A01012,07-10-2024,NSE,EQ,EQ,sell,FALSE,1,"5,978.15",209290903,1.10E+15,2024-10-07T13:35:50
ESABINDIA,INE284A01012,07-10-2024,NSE,EQ,EQ,sell,FALSE,6,"5,978.10",209290904,1.10E+15,2024-10-07T13:35:50
RATNAMANI,INE703B01027,07-10-2024,NSE,EQ,EQ,sell,FALSE,2,"3,548.25",608519414,1.30E+15,2024-10-07T13:35:50
RATNAMANI,INE703B01027,07-10-2024,NSE,EQ,EQ,sell,FALSE,2,"3,546",608519415,1.30E+15,2024-10-07T13:35:50
RATNAMANI,INE703B01027,07-10-2024,NSE,EQ,EQ,sell,FALSE,3,"3,545.10",608519416,1.30E+15,2024-10-07T13:35:50
RATNAMANI,INE703B01027,07-10-2024,NSE,EQ,EQ,sell,FALSE,2,"3,545.05",608519417,1.30E+15,2024-10-07T13:35:50
RATNAMANI,INE703B01027,07-10-2024,NSE,EQ,EQ,sell,FALSE,2,"3,544.55",608519418,1.30E+15,2024-10-07T13:35:50
RATNAMANI,INE703B01027,07-10-2024,NSE,EQ,EQ,sell,FALSE,2,"3,544.50",608519419,1.30E+15,2024-10-07T13:35:50
RATNAMANI,INE703B01027,07-10-2024,NSE,EQ,EQ,sell,FALSE,2,"3,544.20",608519420,1.30E+15,2024-10-07T13:35:50
RATNAMANI,INE703B01027,07-10-2024,NSE,EQ,EQ,sell,FALSE,3,"3,543.75",608519421,1.30E+15,2024-10-07T13:35:50
RATNAMANI,INE703B01027,07-10-2024,NSE,EQ,EQ,sell,FALSE,1,"3,543.70",608519422,1.30E+15,2024-10-07T13:35:50
RATNAMANI,INE703B01027,07-10-2024,NSE,EQ,EQ,sell,FALSE,1,"3,543.60",608519423,1.30E+15,2024-10-07T13:35:50
TATAINVEST,INE672A01018,07-10-2024,NSE,EQ,EQ,sell,FALSE,1,"6,436.25",608519448,1.30E+15,2024-10-07T13:35:50
TATAINVEST,INE672A01018,07-10-2024,NSE,EQ,EQ,sell,FALSE,2,"6,436",608519449,1.30E+15,2024-10-07T13:35:50
TATAINVEST,INE672A01018,07-10-2024,NSE,EQ,EQ,sell,FALSE,5,"6,435.10",608519450,1.30E+15,2024-10-07T13:35:50
TATAINVEST,INE672A01018,07-10-2024,NSE,EQ,EQ,sell,FALSE,1,"6,433.30",608519451,1.30E+15,2024-10-07T13:35:50
TATAINVEST,INE672A01018,07-10-2024,NSE,EQ,EQ,sell,FALSE,4,"6,431.65",608519452,1.30E+15,2024-10-07T13:35:50
TATAINVEST,INE672A01018,07-10-2024,NSE,EQ,EQ,sell,FALSE,2,"6,431.60",608519453,1.30E+15,2024-10-07T13:35:50
TITAN,INE280A01028,07-10-2024,NSE,EQ,EQ,sell,FALSE,15,"3,581.80",608519461,1.30E+15,2024-10-07T13:35:50
TORNTPOWER,INE813H01021,07-10-2024,NSE,EQ,EQ,sell,FALSE,20,"1,815.55",608519491,1.30E+15,2024-10-07T13:35:50
TORNTPOWER,INE813H01021,07-10-2024,NSE,EQ,EQ,sell,FALSE,4,"1,815.50",608519492,1.30E+15,2024-10-07T13:35:50
TORNTPOWER,INE813H01021,07-10-2024,NSE,EQ,EQ,sell,FALSE,4,"1,815.35",608519493,1.30E+15,2024-10-07T13:35:50
TORNTPOWER,INE813H01021,07-10-2024,NSE,EQ,EQ,sell,FALSE,1,"1,815.30",608519494,1.30E+15,2024-10-07T13:35:50
TORNTPOWER,INE813H01021,07-10-2024,NSE,EQ,EQ,sell,FALSE,1,"1,815.30",608519495,1.30E+15,2024-10-07T13:35:50
TORNTPOWER,INE813H01021,07-10-2024,NSE,EQ,EQ,sell,FALSE,1,"1,815.30",608519497,1.30E+15,2024-10-07T13:35:50
NTPC,INE733E01010,07-10-2024,NSE,EQ,EQ,buy,FALSE,9,412.8,409683350,1.20E+15,2024-10-07T13:36:02
ELECTCAST,INE086A01029,07-10-2024,NSE,EQ,EQ,buy,FALSE,61,189.82,209294872,1.10E+15,2024-10-07T13:36:02
ELECTCAST,INE086A01029,07-10-2024,NSE,EQ,EQ,buy,FALSE,36,189.82,209294873,1.10E+15,2024-10-07T13:36:02
ELECTCAST,INE086A01029,07-10-2024,NSE,EQ,EQ,buy,FALSE,12,189.82,209294874,1.10E+15,2024-10-07T13:36:02
ELECTCAST,INE086A01029,07-10-2024,NSE,EQ,EQ,buy,FALSE,128,189.82,209294875,1.10E+15,2024-10-07T13:36:02
ELECTCAST,INE086A01029,07-10-2024,NSE,EQ,EQ,buy,FALSE,10,189.82,209294876,1.10E+15,2024-10-07T13:36:02
ELECTCAST,INE086A01029,07-10-2024,NSE,EQ,EQ,buy,FALSE,17,189.82,209294877,1.10E+15,2024-10-07T13:36:02
SARDAEN,INE385C01021,07-10-2024,NSE,EQ,EQ,buy,FALSE,43,463.1,608523373,1.30E+15,2024-10-07T13:36:02
SARDAEN,INE385C01021,07-10-2024,NSE,EQ,EQ,buy,FALSE,15,463.1,608523374,1.30E+15,2024-10-07T13:36:02
SARDAEN,INE385C01021,07-10-2024,NSE,EQ,EQ,buy,FALSE,5,463.1,608523375,1.30E+15,2024-10-07T13:36:02
SARDAEN,INE385C01021,07-10-2024,NSE,EQ,EQ,buy,FALSE,45,463.1,608523376,1.30E+15,2024-10-07T13:36:02
TATAPOWER,INE245A01021,07-10-2024,NSE,EQ,EQ,buy,FALSE,113,441.6,608523397,1.30E+15,2024-10-07T13:36:02
M&M,INE101A01026,07-10-2024,NSE,EQ,EQ,buy,FALSE,16,"3,026.35",409683181,1.20E+15,2024-10-07T13:36:02
NTPC,INE733E01010,07-10-2024,NSE,EQ,EQ,buy,FALSE,75,412.75,409683348,1.20E+15,2024-10-07T13:36:02
NTPC,INE733E01010,07-10-2024,NSE,EQ,EQ,buy,FALSE,37,412.75,409683349,1.20E+15,2024-10-07T13:36:02
PCBL,INE602A01031,07-10-2024,NSE,EQ,EQ,buy,FALSE,98,507.9,409683394,1.20E+15,2024-10-07T13:36:02
GULFOILLUB,INE635Q01029,07-10-2024,NSE,EQ,EQ,buy,FALSE,1,"1,280.95",209300011,1.10E+15,2024-10-07T13:36:11
GULFOILLUB,INE635Q01029,07-10-2024,NSE,EQ,EQ,buy,FALSE,25,"1,281",209300012,1.10E+15,2024-10-07T13:36:11
IIFLSEC,INE489L01022,07-10-2024,NSE,EQ,EQ,buy,FALSE,94,356,209300071,1.10E+15,2024-10-07T13:36:11
GRAVITA,INE024L01027,07-10-2024,NSE,EQ,EQ,buy,FALSE,2,"2,294",209300167,1.10E+15,2024-10-07T13:36:11
GRAVITA,INE024L01027,07-10-2024,NSE,EQ,EQ,buy,FALSE,12,"2,295",209300169,1.10E+15,2024-10-07T13:36:11
GRAVITA,INE024L01027,07-10-2024,NSE,EQ,EQ,buy,FALSE,1,"2,295",209300168,1.10E+15,2024-10-07T13:36:11
APARINDS,INE372A01015,07-10-2024,NSE,EQ,EQ,buy,FALSE,4,"9,296.65",7337139,1.00E+15,2024-10-07T13:36:11
AJANTPHARM,INE031B01049,07-10-2024,NSE,EQ,EQ,buy,FALSE,10,"3,349",7337147,1.00E+15,2024-10-07T13:36:11
BAJAJ-AUTO,INE917I01010,07-10-2024,NSE,EQ,EQ,buy,FALSE,3,"11,599.55",7337251,1.00E+15,2024-10-07T13:36:11
PCBL,INE602A01031,07-10-2024,NSE,EQ,EQ,buy,FALSE,19,508.15,409689938,1.20E+15,2024-10-07T13:36:16
M&M,INE101A01026,07-10-2024,NSE,EQ,EQ,buy,FALSE,15,"3,029",409689836,1.20E+15,2024-10-07T13:36:16
M&M,INE101A01026,07-10-2024,NSE,EQ,EQ,buy,FALSE,1,"3,029",409689837,1.20E+15,2024-10-07T13:36:16
NTPC,INE733E01010,07-10-2024,NSE,EQ,EQ,buy,FALSE,2,412.9,409689869,1.20E+15,2024-10-07T13:36:16
NTPC,INE733E01010,07-10-2024,NSE,EQ,EQ,buy,FALSE,2,412.9,409689870,1.20E+15,2024-10-07T13:36:16
NTPC,INE733E01010,07-10-2024,NSE,EQ,EQ,buy,FALSE,6,412.9,409689871,1.20E+15,2024-10-07T13:36:16
NTPC,INE733E01010,07-10-2024,NSE,EQ,EQ,buy,FALSE,4,412.9,409689872,1.20E+15,2024-10-07T13:36:16
NTPC,INE733E01010,07-10-2024,NSE,EQ,EQ,buy,FALSE,10,412.9,409689873,1.20E+15,2024-10-07T13:36:16
NTPC,INE733E01010,07-10-2024,NSE,EQ,EQ,buy,FALSE,97,412.9,409689874,1.20E+15,2024-10-07T13:36:16
PCBL,INE602A01031,07-10-2024,NSE,EQ,EQ,buy,FALSE,47,508.15,409689937,1.20E+15,2024-10-07T13:36:16
PCBL,INE602A01031,07-10-2024,NSE,EQ,EQ,buy,FALSE,4,508.2,409689939,1.20E+15,2024-10-07T13:36:16
PCBL,INE602A01031,07-10-2024,NSE,EQ,EQ,buy,FALSE,19,508.2,409689940,1.20E+15,2024-10-07T13:36:16
PCBL,INE602A01031,07-10-2024,NSE,EQ,EQ,buy,FALSE,9,508.2,409689941,1.20E+15,2024-10-07T13:36:16
ELECTCAST,INE086A01029,07-10-2024,NSE,EQ,EQ,buy,FALSE,12,190.13,209302237,1.10E+15,2024-10-07T13:36:16
ELECTCAST,INE086A01029,07-10-2024,NSE,EQ,EQ,buy,FALSE,51,190.12,209302236,1.10E+15,2024-10-07T13:36:16
ELECTCAST,INE086A01029,07-10-2024,NSE,EQ,EQ,buy,FALSE,49,190.11,209302235,1.10E+15,2024-10-07T13:36:16
ELECTCAST,INE086A01029,07-10-2024,NSE,EQ,EQ,buy,FALSE,10,190.09,209302234,1.10E+15,2024-10-07T13:36:16
ELECTCAST,INE086A01029,07-10-2024,NSE,EQ,EQ,buy,FALSE,142,190.09,209302233,1.10E+15,2024-10-07T13:36:16
TATAPOWER,INE245A01021,07-10-2024,NSE,EQ,EQ,buy,FALSE,5,442.05,608528639,1.30E+15,2024-10-07T13:36:16
TATAPOWER,INE245A01021,07-10-2024,NSE,EQ,EQ,buy,FALSE,106,442.05,608528638,1.30E+15,2024-10-07T13:36:16
TATAPOWER,INE245A01021,07-10-2024,NSE,EQ,EQ,buy,FALSE,2,441.95,608528637,1.30E+15,2024-10-07T13:36:16
SARDAEN,INE385C01021,07-10-2024,NSE,EQ,EQ,buy,FALSE,49,463.55,608528582,1.30E+15,2024-10-07T13:36:16
SARDAEN,INE385C01021,07-10-2024,NSE,EQ,EQ,buy,FALSE,59,463.5,608528581,1.30E+15,2024-10-07T13:36:16
GRAVITA,INE024L01027,07-10-2024,NSE,EQ,EQ,buy,FALSE,3,"2,297.35",209304534,1.10E+15,2024-10-07T13:36:21
GULFOILLUB,INE635Q01029,07-10-2024,NSE,EQ,EQ,buy,FALSE,1,"1,281.55",209304397,1.10E+15,2024-10-07T13:36:21
GULFOILLUB,INE635Q01029,07-10-2024,NSE,EQ,EQ,buy,FALSE,7,"1,281.55",209304396,1.10E+15,2024-10-07T13:36:21
GULFOILLUB,INE635Q01029,07-10-2024,NSE,EQ,EQ,buy,FALSE,1,"1,281.55",209304395,1.10E+15,2024-10-07T13:36:21
GRAVITA,INE024L01027,07-10-2024,NSE,EQ,EQ,buy,FALSE,1,"2,297.30",209304531,1.10E+15,2024-10-07T13:36:21
GRAVITA,INE024L01027,07-10-2024,NSE,EQ,EQ,buy,FALSE,1,"2,297.30",209304530,1.10E+15,2024-10-07T13:36:21
AJANTPHARM,INE031B01049,07-10-2024,NSE,EQ,EQ,buy,FALSE,5,"3,349",7340558,1.00E+15,2024-10-07T13:36:21
AJANTPHARM,INE031B01049,07-10-2024,NSE,EQ,EQ,buy,FALSE,1,"3,348.95",7340557,1.00E+15,2024-10-07T13:36:21
AJANTPHARM,INE031B01049,07-10-2024,NSE,EQ,EQ,buy,FALSE,4,"3,348.20",7340556,1.00E+15,2024-10-07T13:36:21
APARINDS,INE372A01015,07-10-2024,NSE,EQ,EQ,buy,FALSE,4,"9,296.55",7340526,1.00E+15,2024-10-07T13:36:21
GRAVITA,INE024L01027,07-10-2024,NSE,EQ,EQ,buy,FALSE,1,"2,297.30",209304532,1.10E+15,2024-10-07T13:36:21
GULFOILLUB,INE635Q01029,07-10-2024,NSE,EQ,EQ,buy,FALSE,17,"1,281.55",209304398,1.10E+15,2024-10-07T13:36:21
IIFLSEC,INE489L01022,07-10-2024,NSE,EQ,EQ,buy,FALSE,94,356,209304415,1.10E+15,2024-10-07T13:36:21
GRAVITA,INE024L01027,07-10-2024,NSE,EQ,EQ,buy,FALSE,1,"2,297.30",209304529,1.10E+15,2024-10-07T13:36:21
GRAVITA,INE024L01027,07-10-2024,NSE,EQ,EQ,buy,FALSE,1,"2,297.30",209304528,1.10E+15,2024-10-07T13:36:21
GRAVITA,INE024L01027,07-10-2024,NSE,EQ,EQ,buy,FALSE,1,"2,297.30",209304527,1.10E+15,2024-10-07T13:36:21
GRAVITA,INE024L01027,07-10-2024,NSE,EQ,EQ,buy,FALSE,6,"2,297.30",209304533,1.10E+15,2024-10-07T13:36:21
BAJAJ-AUTO,INE917I01010,07-10-2024,NSE,EQ,EQ,buy,FALSE,3,"11,588.95",7340620,1.00E+15,2024-10-07T13:36:22
ELECTCAST,INE086A01029,07-10-2024,NSE,EQ,EQ,buy,FALSE,1,189.72,209306465,1.10E+15,2024-10-07T13:36:26
ELECTCAST,INE086A01029,07-10-2024,NSE,EQ,EQ,buy,FALSE,1,189.72,209306466,1.10E+15,2024-10-07T13:36:26
ELECTCAST,INE086A01029,07-10-2024,NSE,EQ,EQ,buy,FALSE,51,189.72,209306467,1.10E+15,2024-10-07T13:36:26
SARDAEN,INE385C01021,07-10-2024,NSE,EQ,EQ,buy,FALSE,108,463.55,608532293,1.30E+15,2024-10-07T13:36:26
PCBL,INE602A01031,07-10-2024,NSE,EQ,EQ,buy,FALSE,10,508.55,409693683,1.20E+15,2024-10-07T13:36:26
M&M,INE101A01026,07-10-2024,NSE,EQ,EQ,buy,FALSE,16,"3,029.40",409693559,1.20E+15,2024-10-07T13:36:26
ELECTCAST,INE086A01029,07-10-2024,NSE,EQ,EQ,buy,FALSE,11,189.72,209306470,1.10E+15,2024-10-07T13:36:26
ELECTCAST,INE086A01029,07-10-2024,NSE,EQ,EQ,buy,FALSE,1,189.72,209306471,1.10E+15,2024-10-07T13:36:26
ELECTCAST,INE086A01029,07-10-2024,NSE,EQ,EQ,buy,FALSE,3,189.72,209306472,1.10E+15,2024-10-07T13:36:26
ELECTCAST,INE086A01029,07-10-2024,NSE,EQ,EQ,buy,FALSE,1,189.72,209306473,1.10E+15,2024-10-07T13:36:26
ELECTCAST,INE086A01029,07-10-2024,NSE,EQ,EQ,buy,FALSE,3,189.72,209306474,1.10E+15,2024-10-07T13:36:26
ELECTCAST,INE086A01029,07-10-2024,NSE,EQ,EQ,buy,FALSE,1,189.72,209306475,1.10E+15,2024-10-07T13:36:26
ELECTCAST,INE086A01029,07-10-2024,NSE,EQ,EQ,buy,FALSE,3,189.72,209306476,1.10E+15,2024-10-07T13:36:26
ELECTCAST,INE086A01029,07-10-2024,NSE,EQ,EQ,buy,FALSE,1,189.72,209306477,1.10E+15,2024-10-07T13:36:26
ELECTCAST,INE086A01029,07-10-2024,NSE,EQ,EQ,buy,FALSE,3,189.72,209306478,1.10E+15,2024-10-07T13:36:26
ELECTCAST,INE086A01029,07-10-2024,NSE,EQ,EQ,buy,FALSE,1,189.72,209306479,1.10E+15,2024-10-07T13:36:26
ELECTCAST,INE086A01029,07-10-2024,NSE,EQ,EQ,buy,FALSE,1,189.72,209306480,1.10E+15,2024-10-07T13:36:26
ELECTCAST,INE086A01029,07-10-2024,NSE,EQ,EQ,buy,FALSE,1,189.72,209306481,1.10E+15,2024-10-07T13:36:26
ELECTCAST,INE086A01029,07-10-2024,NSE,EQ,EQ,buy,FALSE,11,189.73,209306482,1.10E+15,2024-10-07T13:36:26
ELECTCAST,INE086A01029,07-10-2024,NSE,EQ,EQ,buy,FALSE,11,189.74,209306483,1.10E+15,2024-10-07T13:36:26
ELECTCAST,INE086A01029,07-10-2024,NSE,EQ,EQ,buy,FALSE,139,189.74,209306484,1.10E+15,2024-10-07T13:36:26
ELECTCAST,INE086A01029,07-10-2024,NSE,EQ,EQ,buy,FALSE,7,189.75,209306485,1.10E+15,2024-10-07T13:36:26
ELECTCAST,INE086A01029,07-10-2024,NSE,EQ,EQ,buy,FALSE,10,189.72,209306469,1.10E+15,2024-10-07T13:36:26
ELECTCAST,INE086A01029,07-10-2024,NSE,EQ,EQ,buy,FALSE,3,189.72,209306468,1.10E+15,2024-10-07T13:36:26
NTPC,INE733E01010,07-10-2024,NSE,EQ,EQ,buy,FALSE,121,412.95,409693638,1.20E+15,2024-10-07T13:36:26
PCBL,INE602A01031,07-10-2024,NSE,EQ,EQ,buy,FALSE,10,508.55,409693681,1.20E+15,2024-10-07T13:36:26
PCBL,INE602A01031,07-10-2024,NSE,EQ,EQ,buy,FALSE,25,508.55,409693682,1.20E+15,2024-10-07T13:36:26
TATAPOWER,INE245A01021,07-10-2024,NSE,EQ,EQ,buy,FALSE,113,441.95,608532331,1.30E+15,2024-10-07T13:36:26
PCBL,INE602A01031,07-10-2024,NSE,EQ,EQ,buy,FALSE,53,508.55,409693684,1.20E+15,2024-10-07T13:36:26
GRAVITA,INE024L01027,07-10-2024,NSE,EQ,EQ,buy,FALSE,1,"2,298.25",209308516,1.10E+15,2024-10-07T13:36:31
APARINDS,INE372A01015,07-10-2024,NSE,EQ,EQ,buy,FALSE,1,"9,296.55",7343183,1.00E+15,2024-10-07T13:36:31
APARINDS,INE372A01015,07-10-2024,NSE,EQ,EQ,buy,FALSE,1,"9,296.55",7343184,1.00E+15,2024-10-07T13:36:31
APARINDS,INE372A01015,07-10-2024,NSE,EQ,EQ,buy,FALSE,1,"9,296.65",7343185,1.00E+15,2024-10-07T13:36:31
APARINDS,INE372A01015,07-10-2024,NSE,EQ,EQ,buy,FALSE,1,"9,297.05",7343186,1.00E+15,2024-10-07T13:36:31
AJANTPHARM,INE031B01049,07-10-2024,NSE,EQ,EQ,buy,FALSE,10,"3,349",7343201,1.00E+15,2024-10-07T13:36:31
BAJAJ-AUTO,INE917I01010,07-10-2024,NSE,EQ,EQ,buy,FALSE,1,"11,588.50",7343229,1.00E+15,2024-10-07T13:36:31
BAJAJ-AUTO,INE917I01010,07-10-2024,NSE,EQ,EQ,buy,FALSE,2,"11,588.55",7343230,1.00E+15,2024-10-07T13:36:31
GULFOILLUB,INE635Q01029,07-10-2024,NSE,EQ,EQ,buy,FALSE,26,"1,281.55",209308354,1.10E+15,2024-10-07T13:36:31
IIFLSEC,INE489L01022,07-10-2024,NSE,EQ,EQ,buy,FALSE,94,356,209308405,1.10E+15,2024-10-07T13:36:31
GRAVITA,INE024L01027,07-10-2024,NSE,EQ,EQ,buy,FALSE,3,"2,298.20",209308511,1.10E+15,2024-10-07T13:36:31
GRAVITA,INE024L01027,07-10-2024,NSE,EQ,EQ,buy,FALSE,1,"2,298.25",209308512,1.10E+15,2024-10-07T13:36:31
GRAVITA,INE024L01027,07-10-2024,NSE,EQ,EQ,buy,FALSE,1,"2,298.25",209308513,1.10E+15,2024-10-07T13:36:31
GRAVITA,INE024L01027,07-10-2024,NSE,EQ,EQ,buy,FALSE,1,"2,298.25",209308514,1.10E+15,2024-10-07T13:36:31
GRAVITA,INE024L01027,07-10-2024,NSE,EQ,EQ,buy,FALSE,1,"2,298.25",209308515,1.10E+15,2024-10-07T13:36:31
GRAVITA,INE024L01027,07-10-2024,NSE,EQ,EQ,buy,FALSE,1,"2,298.25",209308517,1.10E+15,2024-10-07T13:36:31
GRAVITA,INE024L01027,07-10-2024,NSE,EQ,EQ,buy,FALSE,1,"2,298.25",209308518,1.10E+15,2024-10-07T13:36:31
GRAVITA,INE024L01027,07-10-2024,NSE,EQ,EQ,buy,FALSE,1,"2,298.25",209308519,1.10E+15,2024-10-07T13:36:31
GRAVITA,INE024L01027,07-10-2024,NSE,EQ,EQ,buy,FALSE,1,"2,298.25",209308520,1.10E+15,2024-10-07T13:36:31
GRAVITA,INE024L01027,07-10-2024,NSE,EQ,EQ,buy,FALSE,1,"2,298.25",209308521,1.10E+15,2024-10-07T13:36:31
GRAVITA,INE024L01027,07-10-2024,NSE,EQ,EQ,buy,FALSE,1,"2,298.25",209308522,1.10E+15,2024-10-07T13:36:31
GRAVITA,INE024L01027,07-10-2024,NSE,EQ,EQ,buy,FALSE,1,"2,298.25",209308523,1.10E+15,2024-10-07T13:36:31
NIFTYBEES,INF204KB14I2,07-10-2024,NSE,EQ,EQ,buy,FALSE,36,276.93,409741951,1.20E+15,2024-10-07T13:38:18
ESABINDIA,INE284A01012,11-11-2024,NSE,EQ,EQ,sell,FALSE,1,"6,139.45",203458540,1.10E+15,2024-11-11T10:45:39
VBL,INE200M01039,11-11-2024,NSE,EQ,EQ,sell,FALSE,41,586.2,603532864,1.30E+15,2024-11-11T10:45:39
ESABINDIA,INE284A01012,11-11-2024,NSE,EQ,EQ,sell,FALSE,1,"6,139.80",203458539,1.10E+15,2024-11-11T10:45:39
POWERGRID,INE752E01010,11-11-2024,NSE,EQ,EQ,sell,FALSE,145,328.3,403415347,1.20E+15,2024-11-11T10:45:39
POWERGRID,INE752E01010,11-11-2024,NSE,EQ,EQ,sell,FALSE,52,328.35,403415346,1.20E+15,2024-11-11T10:45:39
POWERGRID,INE752E01010,11-11-2024,NSE,EQ,EQ,sell,FALSE,19,328.35,403415345,1.20E+15,2024-11-11T10:45:39
VBL,INE200M01039,11-11-2024,NSE,EQ,EQ,sell,FALSE,16,586.35,603532861,1.30E+15,2024-11-11T10:45:39
VBL,INE200M01039,11-11-2024,NSE,EQ,EQ,sell,FALSE,2,586.3,603532862,1.30E+15,2024-11-11T10:45:39
VBL,INE200M01039,11-11-2024,NSE,EQ,EQ,sell,FALSE,6,586.2,603532863,1.30E+15,2024-11-11T10:45:39
AGI,INE415A01038,11-11-2024,NSE,EQ,EQ,sell,FALSE,6,968.8,203458664,1.10E+15,2024-11-11T10:45:39
AGI,INE415A01038,11-11-2024,NSE,EQ,EQ,sell,FALSE,7,968.8,203458665,1.10E+15,2024-11-11T10:45:39
AGI,INE415A01038,11-11-2024,NSE,EQ,EQ,sell,FALSE,5,968.75,203458666,1.10E+15,2024-11-11T10:45:39
AGI,INE415A01038,11-11-2024,NSE,EQ,EQ,sell,FALSE,22,968.7,203458667,1.10E+15,2024-11-11T10:45:39
VBL,INE200M01039,11-11-2024,NSE,EQ,EQ,sell,FALSE,23,586.2,603532865,1.30E+15,2024-11-11T10:45:39
VBL,INE200M01039,11-11-2024,NSE,EQ,EQ,sell,FALSE,24,586.15,603532866,1.30E+15,2024-11-11T10:45:39
VBL,INE200M01039,11-11-2024,NSE,EQ,EQ,sell,FALSE,6,586.1,603532867,1.30E+15,2024-11-11T10:45:39
VBL,INE200M01039,11-11-2024,NSE,EQ,EQ,sell,FALSE,13,586.1,603532868,1.30E+15,2024-11-11T10:45:39
POWERGRID,INE752E01010,11-11-2024,NSE,EQ,EQ,sell,FALSE,29,328.35,403415344,1.20E+15,2024-11-11T10:45:39
AGI,INE415A01038,11-11-2024,NSE,EQ,EQ,sell,FALSE,1,969.05,203458663,1.10E+15,2024-11-11T10:45:39
AGI,INE415A01038,11-11-2024,NSE,EQ,EQ,sell,FALSE,8,969.1,203458662,1.10E+15,2024-11-11T10:45:39
AGI,INE415A01038,11-11-2024,NSE,EQ,EQ,sell,FALSE,3,969.5,203458661,1.10E+15,2024-11-11T10:45:39
ESABINDIA,INE284A01012,11-11-2024,NSE,EQ,EQ,sell,FALSE,1,"6,130.90",203458545,1.10E+15,2024-11-11T10:45:39
ESABINDIA,INE284A01012,11-11-2024,NSE,EQ,EQ,sell,FALSE,1,"6,132.55",203458544,1.10E+15,2024-11-11T10:45:39
ESABINDIA,INE284A01012,11-11-2024,NSE,EQ,EQ,sell,FALSE,1,"6,133.60",203458543,1.10E+15,2024-11-11T10:45:39
ESABINDIA,INE284A01012,11-11-2024,NSE,EQ,EQ,sell,FALSE,1,"6,133.65",203458542,1.10E+15,2024-11-11T10:45:39
ESABINDIA,INE284A01012,11-11-2024,NSE,EQ,EQ,sell,FALSE,2,"6,138.45",203458541,1.10E+15,2024-11-11T10:45:39
PERSISTENT,INE262H01021,11-11-2024,NSE,EQ,EQ,sell,FALSE,1,"5,692",403415550,1.20E+15,2024-11-11T10:45:40
TIPSMUSIC,INE716B01029,11-11-2024,NSE,EQ,EQ,sell,FALSE,16,885.9,603533186,1.30E+15,2024-11-11T10:45:40
TIPSMUSIC,INE716B01029,11-11-2024,NSE,EQ,EQ,sell,FALSE,1,885.9,603533185,1.30E+15,2024-11-11T10:45:40
TIPSMUSIC,INE716B01029,11-11-2024,NSE,EQ,EQ,sell,FALSE,4,885.9,603533184,1.30E+15,2024-11-11T10:45:40
SOLARINDS,INE343H01029,11-11-2024,NSE,EQ,EQ,sell,FALSE,4,"10,166.30",603533084,1.30E+15,2024-11-11T10:45:40
SOLARINDS,INE343H01029,11-11-2024,NSE,EQ,EQ,sell,FALSE,1,"10,166.30",603533085,1.30E+15,2024-11-11T10:45:40
SOLARINDS,INE343H01029,11-11-2024,NSE,EQ,EQ,sell,FALSE,1,"10,166.25",603533086,1.30E+15,2024-11-11T10:45:40
SOLARINDS,INE343H01029,11-11-2024,NSE,EQ,EQ,sell,FALSE,1,"10,166.25",603533087,1.30E+15,2024-11-11T10:45:40
SOLARINDS,INE343H01029,11-11-2024,NSE,EQ,EQ,sell,FALSE,1,"10,166.05",603533088,1.30E+15,2024-11-11T10:45:40
SOLARINDS,INE343H01029,11-11-2024,NSE,EQ,EQ,sell,FALSE,1,"10,166",603533089,1.30E+15,2024-11-11T10:45:40
TIPSMUSIC,INE716B01029,11-11-2024,NSE,EQ,EQ,sell,FALSE,11,886.3,603533163,1.30E+15,2024-11-11T10:45:40
TIPSMUSIC,INE716B01029,11-11-2024,NSE,EQ,EQ,sell,FALSE,13,886.25,603533164,1.30E+15,2024-11-11T10:45:40
TIPSMUSIC,INE716B01029,11-11-2024,NSE,EQ,EQ,sell,FALSE,1,886.25,603533165,1.30E+15,2024-11-11T10:45:40
TIPSMUSIC,INE716B01029,11-11-2024,NSE,EQ,EQ,sell,FALSE,2,886.25,603533166,1.30E+15,2024-11-11T10:45:40
TIPSMUSIC,INE716B01029,11-11-2024,NSE,EQ,EQ,sell,FALSE,14,886.2,603533167,1.30E+15,2024-11-11T10:45:40
TIPSMUSIC,INE716B01029,11-11-2024,NSE,EQ,EQ,sell,FALSE,1,886.15,603533168,1.30E+15,2024-11-11T10:45:40
TIPSMUSIC,INE716B01029,11-11-2024,NSE,EQ,EQ,sell,FALSE,9,886.15,603533169,1.30E+15,2024-11-11T10:45:40
TIPSMUSIC,INE716B01029,11-11-2024,NSE,EQ,EQ,sell,FALSE,6,886.15,603533170,1.30E+15,2024-11-11T10:45:40
TIPSMUSIC,INE716B01029,11-11-2024,NSE,EQ,EQ,sell,FALSE,1,886.05,603533171,1.30E+15,2024-11-11T10:45:40
TIPSMUSIC,INE716B01029,11-11-2024,NSE,EQ,EQ,sell,FALSE,14,886.05,603533172,1.30E+15,2024-11-11T10:45:40
TIPSMUSIC,INE716B01029,11-11-2024,NSE,EQ,EQ,sell,FALSE,4,886.05,603533173,1.30E+15,2024-11-11T10:45:40
TIPSMUSIC,INE716B01029,11-11-2024,NSE,EQ,EQ,sell,FALSE,1,886.05,603533174,1.30E+15,2024-11-11T10:45:40
TIPSMUSIC,INE716B01029,11-11-2024,NSE,EQ,EQ,sell,FALSE,4,886.05,603533175,1.30E+15,2024-11-11T10:45:40
TIPSMUSIC,INE716B01029,11-11-2024,NSE,EQ,EQ,sell,FALSE,1,886.05,603533176,1.30E+15,2024-11-11T10:45:40
TIPSMUSIC,INE716B01029,11-11-2024,NSE,EQ,EQ,sell,FALSE,23,886.05,603533177,1.30E+15,2024-11-11T10:45:40
TIPSMUSIC,INE716B01029,11-11-2024,NSE,EQ,EQ,sell,FALSE,4,885.9,603533178,1.30E+15,2024-11-11T10:45:40
TIPSMUSIC,INE716B01029,11-11-2024,NSE,EQ,EQ,sell,FALSE,1,885.9,603533179,1.30E+15,2024-11-11T10:45:40
TIPSMUSIC,INE716B01029,11-11-2024,NSE,EQ,EQ,sell,FALSE,4,885.9,603533180,1.30E+15,2024-11-11T10:45:40
TIPSMUSIC,INE716B01029,11-11-2024,NSE,EQ,EQ,sell,FALSE,1,885.9,603533181,1.30E+15,2024-11-11T10:45:40
TIPSMUSIC,INE716B01029,11-11-2024,NSE,EQ,EQ,sell,FALSE,4,885.9,603533182,1.30E+15,2024-11-11T10:45:40
TIPSMUSIC,INE716B01029,11-11-2024,NSE,EQ,EQ,sell,FALSE,1,885.9,603533183,1.30E+15,2024-11-11T10:45:40
FACT,INE188A01015,11-11-2024,NSE,EQ,EQ,sell,FALSE,13,872.25,203458837,1.10E+15,2024-11-11T10:45:40
PERSISTENT,INE262H01021,11-11-2024,NSE,EQ,EQ,sell,FALSE,10,"5,692",403415548,1.20E+15,2024-11-11T10:45:40
PERSISTENT,INE262H01021,11-11-2024,NSE,EQ,EQ,sell,FALSE,5,"5,692",403415549,1.20E+15,2024-11-11T10:45:40
FACT,INE188A01015,11-11-2024,NSE,EQ,EQ,sell,FALSE,6,872.2,203458838,1.10E+15,2024-11-11T10:45:40
FACT,INE188A01015,11-11-2024,NSE,EQ,EQ,sell,FALSE,1,872.15,203458839,1.10E+15,2024-11-11T10:45:40
FACT,INE188A01015,11-11-2024,NSE,EQ,EQ,sell,FALSE,1,872.15,203458840,1.10E+15,2024-11-11T10:45:40
FACT,INE188A01015,11-11-2024,NSE,EQ,EQ,sell,FALSE,2,872.15,203458841,1.10E+15,2024-11-11T10:45:40
FACT,INE188A01015,11-11-2024,NSE,EQ,EQ,sell,FALSE,2,872.15,203458842,1.10E+15,2024-11-11T10:45:40
FACT,INE188A01015,11-11-2024,NSE,EQ,EQ,sell,FALSE,1,872.15,203458843,1.10E+15,2024-11-11T10:45:40
FACT,INE188A01015,11-11-2024,NSE,EQ,EQ,sell,FALSE,2,872.15,203458844,1.10E+15,2024-11-11T10:45:40
FACT,INE188A01015,11-11-2024,NSE,EQ,EQ,sell,FALSE,1,872.15,203458845,1.10E+15,2024-11-11T10:45:40
FACT,INE188A01015,11-11-2024,NSE,EQ,EQ,sell,FALSE,3,872.15,203458846,1.10E+15,2024-11-11T10:45:40
FACT,INE188A01015,11-11-2024,NSE,EQ,EQ,sell,FALSE,12,872.1,203458847,1.10E+15,2024-11-11T10:45:40
FACT,INE188A01015,11-11-2024,NSE,EQ,EQ,sell,FALSE,9,872.1,203458848,1.10E+15,2024-11-11T10:45:40
FACT,INE188A01015,11-11-2024,NSE,EQ,EQ,sell,FALSE,16,872,203458849,1.10E+15,2024-11-11T10:45:40
FACT,INE188A01015,11-11-2024,NSE,EQ,EQ,sell,FALSE,7,872.05,203478820,1.10E+15,2024-11-11T10:46:22
ESABINDIA,INE284A01012,11-11-2024,NSE,EQ,EQ,sell,FALSE,1,"6,144.35",203478664,1.10E+15,2024-11-11T10:46:22
ESABINDIA,INE284A01012,11-11-2024,NSE,EQ,EQ,sell,FALSE,3,"6,144.20",203478665,1.10E+15,2024-11-11T10:46:22
PERSISTENT,INE262H01021,11-11-2024,NSE,EQ,EQ,sell,FALSE,3,"5,695.45",403430380,1.20E+15,2024-11-11T10:46:22
PERSISTENT,INE262H01021,11-11-2024,NSE,EQ,EQ,sell,FALSE,3,"5,695.45",403430381,1.20E+15,2024-11-11T10:46:22
PERSISTENT,INE262H01021,11-11-2024,NSE,EQ,EQ,sell,FALSE,9,"5,694.65",403430382,1.20E+15,2024-11-11T10:46:22
VBL,INE200M01039,11-11-2024,NSE,EQ,EQ,sell,FALSE,131,586.45,603547000,1.30E+15,2024-11-11T10:46:22
ESABINDIA,INE284A01012,11-11-2024,NSE,EQ,EQ,sell,FALSE,1,"6,133.60",203478666,1.10E+15,2024-11-11T10:46:22
ESABINDIA,INE284A01012,11-11-2024,NSE,EQ,EQ,sell,FALSE,2,"6,130",203478667,1.10E+15,2024-11-11T10:46:22
FACT,INE188A01015,11-11-2024,NSE,EQ,EQ,sell,FALSE,16,872,203478821,1.10E+15,2024-11-11T10:46:22
POWERGRID,INE752E01010,11-11-2024,NSE,EQ,EQ,sell,FALSE,130,328.1,403430311,1.20E+15,2024-11-11T10:46:22
POWERGRID,INE752E01010,11-11-2024,NSE,EQ,EQ,sell,FALSE,115,328.1,403430312,1.20E+15,2024-11-11T10:46:22
PERSISTENT,INE262H01021,11-11-2024,NSE,EQ,EQ,sell,FALSE,1,"5,695.45",403430379,1.20E+15,2024-11-11T10:46:22
