Symbol,ISIN,Trade Date,Exchange,Segment,Series,Trade Type,Auction,Quantity,Price,Trade ID,Order ID,Order Execution Time
APOLLOHOSP,INE437A01024,13-01-2025,NSE,EQ,EQ,sell,FALSE,2,"6,890.25",3074947,1.00E+15,2025-01-13T10:41:55
SCHAEFFLER,INE513A01022,13-01-2025,NSE,EQ,EQ,sell,FALSE,1,"3,289.50",603649022,1.30E+15,2025-01-13T10:41:55
SCHAEFFLER,INE513A01022,13-01-2025,NSE,EQ,EQ,sell,FALSE,1,"3,289.45",603649023,1.30E+15,2025-01-13T10:41:55
MAXHEALTH,INE027H01010,13-01-2025,NSE,EQ,EQ,sell,FALSE,45,"1,104.95",404105806,1.20E+15,2025-01-13T10:41:55
SCHAEFFLER,INE513A01022,13-01-2025,NSE,EQ,EQ,sell,FALSE,1,"3,289.35",603649024,1.30E+15,2025-01-13T10:41:55
KPITTECH,INE04I401011,13-01-2025,NSE,EQ,EQ,sell,FALSE,25,"1,353.30",404105744,1.20E+15,2025-01-13T10:41:55
KPITTECH,INE04I401011,13-01-2025,NSE,EQ,EQ,sell,FALSE,11,"1,353.35",404105743,1.20E+15,2025-01-13T10:41:55
KPITTECH,INE04I401011,13-01-2025,NSE,EQ,EQ,sell,FALSE,1,"1,353.35",404105742,1.20E+15,2025-01-13T10:41:55
APOLLOHOSP,INE437A01024,13-01-2025,NSE,EQ,EQ,sell,FALSE,4,"6,890",3074950,1.00E+15,2025-01-13T10:41:55
APOLLOHOSP,INE437A01024,13-01-2025,NSE,EQ,EQ,sell,FALSE,1,"6,890.05",3074949,1.00E+15,2025-01-13T10:41:55
SCHAEFFLER,INE513A01022,13-01-2025,NSE,EQ,EQ,sell,FALSE,1,"3,289.30",603649025,1.30E+15,2025-01-13T10:41:55
SCHAEFFLER,INE513A01022,13-01-2025,NSE,EQ,EQ,sell,FALSE,1,"3,289.20",603649026,1.30E+15,2025-01-13T10:41:55
SCHAEFFLER,INE513A01022,13-01-2025,NSE,EQ,EQ,sell,FALSE,4,"3,289.10",603649027,1.30E+15,2025-01-13T10:41:55
SCHAEFFLER,INE513A01022,13-01-2025,NSE,EQ,EQ,sell,FALSE,1,"3,289.50",603649021,1.30E+15,2025-01-13T10:41:55
SCHAEFFLER,INE513A01022,13-01-2025,NSE,EQ,EQ,sell,FALSE,1,"3,289.75",603649016,1.30E+15,2025-01-13T10:41:55
SCHAEFFLER,INE513A01022,13-01-2025,NSE,EQ,EQ,sell,FALSE,1,"3,289.60",603649017,1.30E+15,2025-01-13T10:41:55
SCHAEFFLER,INE513A01022,13-01-2025,NSE,EQ,EQ,sell,FALSE,1,"3,289.55",603649018,1.30E+15,2025-01-13T10:41:55
SCHAEFFLER,INE513A01022,13-01-2025,NSE,EQ,EQ,sell,FALSE,1,"3,289.55",603649019,1.30E+15,2025-01-13T10:41:55
APOLLOHOSP,INE437A01024,13-01-2025,NSE,EQ,EQ,sell,FALSE,1,"6,890.05",3074948,1.00E+15,2025-01-13T10:41:55
KPITTECH,INE04I401011,13-01-2025,NSE,EQ,EQ,sell,FALSE,1,"1,353.35",404105741,1.20E+15,2025-01-13T10:41:55
SCHAEFFLER,INE513A01022,13-01-2025,NSE,EQ,EQ,sell,FALSE,1,"3,289.55",603649020,1.30E+15,2025-01-13T10:41:55
TIINDIA,INE974X01010,13-01-2025,NSE,EQ,EQ,sell,FALSE,15,"3,421",603649097,1.30E+15,2025-01-13T10:41:56
APARINDS,INE372A01015,13-01-2025,NSE,EQ,EQ,buy,FALSE,1,"10,168.15",3079961,1.00E+15,2025-01-13T10:42:06
APARINDS,INE372A01015,13-01-2025,NSE,EQ,EQ,buy,FALSE,1,"10,167.30",3079959,1.00E+15,2025-01-13T10:42:06
GODFRYPHLP,INE260B01028,13-01-2025,NSE,EQ,EQ,buy,FALSE,4,"4,583.80",203714153,1.10E+15,2025-01-13T10:42:06
KEC,INE389H01022,13-01-2025,NSE,EQ,EQ,buy,FALSE,42,947,404111369,1.20E+15,2025-01-13T10:42:06
APARINDS,INE372A01015,13-01-2025,NSE,EQ,EQ,buy,FALSE,3,"10,167.35",3079960,1.00E+15,2025-01-13T10:42:06
GODFRYPHLP,INE260B01028,13-01-2025,NSE,EQ,EQ,buy,FALSE,4,"4,583.85",203714154,1.10E+15,2025-01-13T10:42:06
GODFRYPHLP,INE260B01028,13-01-2025,NSE,EQ,EQ,buy,FALSE,2,"4,584.15",203714155,1.10E+15,2025-01-13T10:42:06
GODFRYPHLP,INE260B01028,13-01-2025,NSE,EQ,EQ,buy,FALSE,1,"4,584.35",203714156,1.10E+15,2025-01-13T10:42:06
KEC,INE389H01022,13-01-2025,NSE,EQ,EQ,buy,FALSE,1,946.95,404111367,1.20E+15,2025-01-13T10:42:06
KEC,INE389H01022,13-01-2025,NSE,EQ,EQ,buy,FALSE,10,946.95,404111368,1.20E+15,2025-01-13T10:42:06
GRANULES,INE101D01020,13-01-2025,NSE,EQ,EQ,buy,FALSE,9,592.6,203714431,1.10E+15,2025-01-13T10:42:07
GRANULES,INE101D01020,13-01-2025,NSE,EQ,EQ,buy,FALSE,1,592.55,203714419,1.10E+15,2025-01-13T10:42:07
GRANULES,INE101D01020,13-01-2025,NSE,EQ,EQ,buy,FALSE,3,592.55,203714420,1.10E+15,2025-01-13T10:42:07
GRANULES,INE101D01020,13-01-2025,NSE,EQ,EQ,buy,FALSE,9,592.55,203714421,1.10E+15,2025-01-13T10:42:07
GRANULES,INE101D01020,13-01-2025,NSE,EQ,EQ,buy,FALSE,1,592.55,203714422,1.10E+15,2025-01-13T10:42:07
GRANULES,INE101D01020,13-01-2025,NSE,EQ,EQ,buy,FALSE,3,592.55,203714423,1.10E+15,2025-01-13T10:42:07
GRANULES,INE101D01020,13-01-2025,NSE,EQ,EQ,buy,FALSE,9,592.55,203714424,1.10E+15,2025-01-13T10:42:07
GRANULES,INE101D01020,13-01-2025,NSE,EQ,EQ,buy,FALSE,3,592.55,203714425,1.10E+15,2025-01-13T10:42:07
GRANULES,INE101D01020,13-01-2025,NSE,EQ,EQ,buy,FALSE,9,592.55,203714426,1.10E+15,2025-01-13T10:42:07
GRANULES,INE101D01020,13-01-2025,NSE,EQ,EQ,buy,FALSE,3,592.55,203714427,1.10E+15,2025-01-13T10:42:07
GRANULES,INE101D01020,13-01-2025,NSE,EQ,EQ,buy,FALSE,3,592.55,203714428,1.10E+15,2025-01-13T10:42:07
GRANULES,INE101D01020,13-01-2025,NSE,EQ,EQ,buy,FALSE,18,592.55,203714429,1.10E+15,2025-01-13T10:42:07
GRANULES,INE101D01020,13-01-2025,NSE,EQ,EQ,buy,FALSE,1,592.6,203714430,1.10E+15,2025-01-13T10:42:07
GRANULES,INE101D01020,13-01-2025,NSE,EQ,EQ,buy,FALSE,6,592.6,203714432,1.10E+15,2025-01-13T10:42:07
GRANULES,INE101D01020,13-01-2025,NSE,EQ,EQ,buy,FALSE,6,592.6,203714433,1.10E+15,2025-01-13T10:42:07
GRSE,INE382Z01011,13-01-2025,NSE,EQ,EQ,buy,FALSE,7,"1,445.55",203714627,1.10E+15,2025-01-13T10:42:07
GRSE,INE382Z01011,13-01-2025,NSE,EQ,EQ,buy,FALSE,27,"1,445.70",203714628,1.10E+15,2025-01-13T10:42:07
GRSE,INE382Z01011,13-01-2025,NSE,EQ,EQ,buy,FALSE,1,"1,445.75",203714629,1.10E+15,2025-01-13T10:42:07
TI,INE133E01013,13-01-2025,NSE,EQ,EQ,buy,FALSE,10,408.8,603654811,1.30E+15,2025-01-13T10:42:07
TI,INE133E01013,13-01-2025,NSE,EQ,EQ,buy,FALSE,50,408.8,603654810,1.30E+15,2025-01-13T10:42:07
TI,INE133E01013,13-01-2025,NSE,EQ,EQ,buy,FALSE,4,408.8,603654809,1.30E+15,2025-01-13T10:42:07
TI,INE133E01013,13-01-2025,NSE,EQ,EQ,buy,FALSE,20,408.75,603654808,1.30E+15,2025-01-13T10:42:07
TI,INE133E01013,13-01-2025,NSE,EQ,EQ,buy,FALSE,1,408.7,603654807,1.30E+15,2025-01-13T10:42:07
TI,INE133E01013,13-01-2025,NSE,EQ,EQ,buy,FALSE,38,408.65,603654806,1.30E+15,2025-01-13T10:42:07
AGI,INE415A01038,13-01-2025,NSE,EQ,EQ,sell,FALSE,1,986.05,203718909,1.10E+15,2025-01-13T10:42:14
AGI,INE415A01038,13-01-2025,NSE,EQ,EQ,sell,FALSE,3,986.1,203718908,1.10E+15,2025-01-13T10:42:14
AGI,INE415A01038,13-01-2025,NSE,EQ,EQ,sell,FALSE,7,986.25,203718907,1.10E+15,2025-01-13T10:42:14
AGI,INE415A01038,13-01-2025,NSE,EQ,EQ,sell,FALSE,3,986.3,203718906,1.10E+15,2025-01-13T10:42:14
AGI,INE415A01038,13-01-2025,NSE,EQ,EQ,sell,FALSE,1,986.5,203718905,1.10E+15,2025-01-13T10:42:14
AGI,INE415A01038,13-01-2025,NSE,EQ,EQ,sell,FALSE,32,986,203718911,1.10E+15,2025-01-13T10:42:14
AGI,INE415A01038,13-01-2025,NSE,EQ,EQ,sell,FALSE,10,986.05,203718910,1.10E+15,2025-01-13T10:42:14
GRAVITA,INE024L01027,13-01-2025,NSE,EQ,EQ,sell,FALSE,8,"2,170.05",203721025,1.10E+15,2025-01-13T10:42:15
GRAVITA,INE024L01027,13-01-2025,NSE,EQ,EQ,sell,FALSE,18,"2,170.10",203721022,1.10E+15,2025-01-13T10:42:15
GRAVITA,INE024L01027,13-01-2025,NSE,EQ,EQ,sell,FALSE,1,"2,170.10",203721021,1.10E+15,2025-01-13T10:42:15
GRAVITA,INE024L01027,13-01-2025,NSE,EQ,EQ,sell,FALSE,1,"2,170.05",203721029,1.10E+15,2025-01-13T10:42:15
GRAVITA,INE024L01027,13-01-2025,NSE,EQ,EQ,sell,FALSE,5,"2,170.05",203721028,1.10E+15,2025-01-13T10:42:15
GRAVITA,INE024L01027,13-01-2025,NSE,EQ,EQ,sell,FALSE,3,"2,170.05",203721024,1.10E+15,2025-01-13T10:42:15
SJVN,INE002L01015,13-01-2025,NSE,EQ,EQ,sell,FALSE,457,95.14,603660696,1.30E+15,2025-01-13T10:42:15
SJVN,INE002L01015,13-01-2025,NSE,EQ,EQ,sell,FALSE,24,95.15,603660695,1.30E+15,2025-01-13T10:42:15
SJVN,INE002L01015,13-01-2025,NSE,EQ,EQ,sell,FALSE,13,95.15,603660694,1.30E+15,2025-01-13T10:42:15
SJVN,INE002L01015,13-01-2025,NSE,EQ,EQ,sell,FALSE,15,95.15,603660693,1.30E+15,2025-01-13T10:42:15
SJVN,INE002L01015,13-01-2025,NSE,EQ,EQ,sell,FALSE,20,95.15,603660692,1.30E+15,2025-01-13T10:42:15
PERSISTENT,INE262H01021,13-01-2025,NSE,EQ,EQ,sell,FALSE,4,"6,245",404116808,1.20E+15,2025-01-13T10:42:15
PERSISTENT,INE262H01021,13-01-2025,NSE,EQ,EQ,sell,FALSE,3,"6,245.10",404116807,1.20E+15,2025-01-13T10:42:15
PERSISTENT,INE262H01021,13-01-2025,NSE,EQ,EQ,sell,FALSE,1,"6,245.10",404116806,1.20E+15,2025-01-13T10:42:15
PERSISTENT,INE262H01021,13-01-2025,NSE,EQ,EQ,sell,FALSE,3,"6,245.20",404116805,1.20E+15,2025-01-13T10:42:15
PERSISTENT,INE262H01021,13-01-2025,NSE,EQ,EQ,sell,FALSE,3,"6,245.30",404116804,1.20E+15,2025-01-13T10:42:15
FACT,INE188A01015,13-01-2025,NSE,EQ,EQ,sell,FALSE,10,912,203719473,1.10E+15,2025-01-13T10:42:15
GRAVITA,INE024L01027,13-01-2025,NSE,EQ,EQ,sell,FALSE,1,"2,170.10",203721020,1.10E+15,2025-01-13T10:42:15
GRAVITA,INE024L01027,13-01-2025,NSE,EQ,EQ,sell,FALSE,5,"2,170.15",203721019,1.10E+15,2025-01-13T10:42:15
GRAVITA,INE024L01027,13-01-2025,NSE,EQ,EQ,sell,FALSE,1,"2,170.15",203721018,1.10E+15,2025-01-13T10:42:15
FACT,INE188A01015,13-01-2025,NSE,EQ,EQ,sell,FALSE,1,911.8,203719476,1.10E+15,2025-01-13T10:42:15
FACT,INE188A01015,13-01-2025,NSE,EQ,EQ,sell,FALSE,50,911.9,203719475,1.10E+15,2025-01-13T10:42:15
FACT,INE188A01015,13-01-2025,NSE,EQ,EQ,sell,FALSE,1,912,203719474,1.10E+15,2025-01-13T10:42:15
GRAVITA,INE024L01027,13-01-2025,NSE,EQ,EQ,sell,FALSE,2,"2,170.10",203721023,1.10E+15,2025-01-13T10:42:15
GRAVITA,INE024L01027,13-01-2025,NSE,EQ,EQ,sell,FALSE,1,"2,170.05",203721027,1.10E+15,2025-01-13T10:42:15
GRAVITA,INE024L01027,13-01-2025,NSE,EQ,EQ,sell,FALSE,1,"2,170.05",203721026,1.10E+15,2025-01-13T10:42:15
NEULANDLAB,INE794A01010,13-01-2025,NSE,EQ,EQ,sell,FALSE,3,"13,674.60",404117790,1.20E+15,2025-01-13T10:42:16
TRENT,INE849A01020,13-01-2025,NSE,EQ,EQ,sell,FALSE,9,"6,332",603661291,1.30E+15,2025-01-13T10:42:16
TRENT,INE849A01020,13-01-2025,NSE,EQ,EQ,sell,FALSE,1,"6,332",603661290,1.30E+15,2025-01-13T10:42:16
TRENT,INE849A01020,13-01-2025,NSE,EQ,EQ,sell,FALSE,6,"6,332.90",603661289,1.30E+15,2025-01-13T10:42:16
PFC,INE134E01011,13-01-2025,NSE,EQ,EQ,sell,FALSE,123,405.95,404117876,1.20E+15,2025-01-13T10:42:16
NEULANDLAB,INE794A01010,13-01-2025,NSE,EQ,EQ,sell,FALSE,1,"13,665.30",404117793,1.20E+15,2025-01-13T10:42:16
NEULANDLAB,INE794A01010,13-01-2025,NSE,EQ,EQ,sell,FALSE,4,"13,666.75",404117792,1.20E+15,2025-01-13T10:42:16
NEULANDLAB,INE794A01010,13-01-2025,NSE,EQ,EQ,sell,FALSE,1,"13,667.55",404117791,1.20E+15,2025-01-13T10:42:16
GODFRYPHLP,INE260B01028,13-01-2025,NSE,EQ,EQ,buy,FALSE,4,"4,581.10",203726879,1.10E+15,2025-01-13T10:42:25
APARINDS,INE372A01015,13-01-2025,NSE,EQ,EQ,buy,FALSE,2,"10,156.45",3090430,1.00E+15,2025-01-13T10:42:25
APARINDS,INE372A01015,13-01-2025,NSE,EQ,EQ,buy,FALSE,1,"10,155.10",3090429,1.00E+15,2025-01-13T10:42:25
APARINDS,INE372A01015,13-01-2025,NSE,EQ,EQ,buy,FALSE,2,"10,155.05",3090428,1.00E+15,2025-01-13T10:42:25
GODFRYPHLP,INE260B01028,13-01-2025,NSE,EQ,EQ,buy,FALSE,2,"4,581.20",203726881,1.10E+15,2025-01-13T10:42:25
GODFRYPHLP,INE260B01028,13-01-2025,NSE,EQ,EQ,buy,FALSE,1,"4,581.20",203726880,1.10E+15,2025-01-13T10:42:25
GODFRYPHLP,INE260B01028,13-01-2025,NSE,EQ,EQ,buy,FALSE,4,"4,580.95",203726878,1.10E+15,2025-01-13T10:42:25
TI,INE133E01013,13-01-2025,NSE,EQ,EQ,buy,FALSE,5,408.85,603667559,1.30E+15,2025-01-13T10:42:26
GRANULES,INE101D01020,13-01-2025,NSE,EQ,EQ,buy,FALSE,84,591.8,203727092,1.10E+15,2025-01-13T10:42:26
GRSE,INE382Z01011,13-01-2025,NSE,EQ,EQ,buy,FALSE,7,"1,440.70",203727137,1.10E+15,2025-01-13T10:42:26
GRSE,INE382Z01011,13-01-2025,NSE,EQ,EQ,buy,FALSE,7,"1,440.70",203727138,1.10E+15,2025-01-13T10:42:26
GRSE,INE382Z01011,13-01-2025,NSE,EQ,EQ,buy,FALSE,3,"1,440.75",203727139,1.10E+15,2025-01-13T10:42:26
GRSE,INE382Z01011,13-01-2025,NSE,EQ,EQ,buy,FALSE,7,"1,440.75",203727140,1.10E+15,2025-01-13T10:42:26
GRSE,INE382Z01011,13-01-2025,NSE,EQ,EQ,buy,FALSE,11,"1,440.90",203727141,1.10E+15,2025-01-13T10:42:26
KEC,INE389H01022,13-01-2025,NSE,EQ,EQ,buy,FALSE,23,944.05,404123514,1.20E+15,2025-01-13T10:42:26
KEC,INE389H01022,13-01-2025,NSE,EQ,EQ,buy,FALSE,5,944.05,404123515,1.20E+15,2025-01-13T10:42:26
KEC,INE389H01022,13-01-2025,NSE,EQ,EQ,buy,FALSE,12,944.05,404123516,1.20E+15,2025-01-13T10:42:26
KEC,INE389H01022,13-01-2025,NSE,EQ,EQ,buy,FALSE,5,944.1,404123517,1.20E+15,2025-01-13T10:42:26
KEC,INE389H01022,13-01-2025,NSE,EQ,EQ,buy,FALSE,4,944.1,404123518,1.20E+15,2025-01-13T10:42:26
KEC,INE389H01022,13-01-2025,NSE,EQ,EQ,buy,FALSE,4,944.1,404123519,1.20E+15,2025-01-13T10:42:26
TI,INE133E01013,13-01-2025,NSE,EQ,EQ,buy,FALSE,63,408.8,603667558,1.30E+15,2025-01-13T10:42:26
TI,INE133E01013,13-01-2025,NSE,EQ,EQ,buy,FALSE,54,408.85,603667560,1.30E+15,2025-01-13T10:42:26
TI,INE133E01013,13-01-2025,NSE,EQ,EQ,buy,FALSE,1,408.85,603667561,1.30E+15,2025-01-13T10:42:26
AGI,INE415A01038,13-01-2025,NSE,EQ,EQ,sell,FALSE,1,985.8,203731955,1.10E+15,2025-01-13T10:42:38
FACT,INE188A01015,13-01-2025,NSE,EQ,EQ,sell,FALSE,21,910.25,203732012,1.10E+15,2025-01-13T10:42:38
AGI,INE415A01038,13-01-2025,NSE,EQ,EQ,sell,FALSE,1,985.65,203731966,1.10E+15,2025-01-13T10:42:38
AGI,INE415A01038,13-01-2025,NSE,EQ,EQ,sell,FALSE,2,985.65,203731967,1.10E+15,2025-01-13T10:42:38
FACT,INE188A01015,13-01-2025,NSE,EQ,EQ,sell,FALSE,1,910.35,203732006,1.10E+15,2025-01-13T10:42:38
FACT,INE188A01015,13-01-2025,NSE,EQ,EQ,sell,FALSE,1,910.35,203732007,1.10E+15,2025-01-13T10:42:38
FACT,INE188A01015,13-01-2025,NSE,EQ,EQ,sell,FALSE,22,910.35,203732008,1.10E+15,2025-01-13T10:42:38
FACT,INE188A01015,13-01-2025,NSE,EQ,EQ,sell,FALSE,2,910.35,203732009,1.10E+15,2025-01-13T10:42:38
FACT,INE188A01015,13-01-2025,NSE,EQ,EQ,sell,FALSE,14,910.3,203732010,1.10E+15,2025-01-13T10:42:38
FACT,INE188A01015,13-01-2025,NSE,EQ,EQ,sell,FALSE,1,910.25,203732011,1.10E+15,2025-01-13T10:42:38
AGI,INE415A01038,13-01-2025,NSE,EQ,EQ,sell,FALSE,1,985.8,203731951,1.10E+15,2025-01-13T10:42:38
AGI,INE415A01038,13-01-2025,NSE,EQ,EQ,sell,FALSE,8,985.85,203731950,1.10E+15,2025-01-13T10:42:38
AGI,INE415A01038,13-01-2025,NSE,EQ,EQ,sell,FALSE,1,985.85,203731949,1.10E+15,2025-01-13T10:42:38
AGI,INE415A01038,13-01-2025,NSE,EQ,EQ,sell,FALSE,16,985.9,203731948,1.10E+15,2025-01-13T10:42:38
AGI,INE415A01038,13-01-2025,NSE,EQ,EQ,sell,FALSE,4,986,203731947,1.10E+15,2025-01-13T10:42:38
AGI,INE415A01038,13-01-2025,NSE,EQ,EQ,sell,FALSE,5,985.75,203731960,1.10E+15,2025-01-13T10:42:38
AGI,INE415A01038,13-01-2025,NSE,EQ,EQ,sell,FALSE,2,985.75,203731961,1.10E+15,2025-01-13T10:42:38
AGI,INE415A01038,13-01-2025,NSE,EQ,EQ,sell,FALSE,1,985.75,203731962,1.10E+15,2025-01-13T10:42:38
AGI,INE415A01038,13-01-2025,NSE,EQ,EQ,sell,FALSE,2,985.75,203731963,1.10E+15,2025-01-13T10:42:38
AGI,INE415A01038,13-01-2025,NSE,EQ,EQ,sell,FALSE,1,985.75,203731964,1.10E+15,2025-01-13T10:42:38
AGI,INE415A01038,13-01-2025,NSE,EQ,EQ,sell,FALSE,2,985.75,203731965,1.10E+15,2025-01-13T10:42:38
AGI,INE415A01038,13-01-2025,NSE,EQ,EQ,sell,FALSE,1,985.8,203731954,1.10E+15,2025-01-13T10:42:38
AGI,INE415A01038,13-01-2025,NSE,EQ,EQ,sell,FALSE,1,985.8,203731953,1.10E+15,2025-01-13T10:42:38
AGI,INE415A01038,13-01-2025,NSE,EQ,EQ,sell,FALSE,1,985.8,203731952,1.10E+15,2025-01-13T10:42:38
AGI,INE415A01038,13-01-2025,NSE,EQ,EQ,sell,FALSE,1,986.05,203731946,1.10E+15,2025-01-13T10:42:38
AGI,INE415A01038,13-01-2025,NSE,EQ,EQ,sell,FALSE,1,985.8,203731956,1.10E+15,2025-01-13T10:42:38
AGI,INE415A01038,13-01-2025,NSE,EQ,EQ,sell,FALSE,2,985.8,203731957,1.10E+15,2025-01-13T10:42:38
AGI,INE415A01038,13-01-2025,NSE,EQ,EQ,sell,FALSE,2,985.75,203731958,1.10E+15,2025-01-13T10:42:38
AGI,INE415A01038,13-01-2025,NSE,EQ,EQ,sell,FALSE,1,985.75,203731959,1.10E+15,2025-01-13T10:42:38
NEULANDLAB,INE794A01010,13-01-2025,NSE,EQ,EQ,sell,FALSE,4,"13,653.90",404129626,1.20E+15,2025-01-13T10:42:39
GRAVITA,INE024L01027,13-01-2025,NSE,EQ,EQ,sell,FALSE,16,"2,170.10",203732183,1.10E+15,2025-01-13T10:42:39
GRAVITA,INE024L01027,13-01-2025,NSE,EQ,EQ,sell,FALSE,1,"2,170.15",203732182,1.10E+15,2025-01-13T10:42:39
GRAVITA,INE024L01027,13-01-2025,NSE,EQ,EQ,sell,FALSE,5,"2,170.15",203732181,1.10E+15,2025-01-13T10:42:39
GRAVITA,INE024L01027,13-01-2025,NSE,EQ,EQ,sell,FALSE,1,"2,170.15",203732180,1.10E+15,2025-01-13T10:42:39
GRAVITA,INE024L01027,13-01-2025,NSE,EQ,EQ,sell,FALSE,8,"2,170.15",203732179,1.10E+15,2025-01-13T10:42:39
GRAVITA,INE024L01027,13-01-2025,NSE,EQ,EQ,sell,FALSE,15,"2,170.15",203732178,1.10E+15,2025-01-13T10:42:39
GRAVITA,INE024L01027,13-01-2025,NSE,EQ,EQ,sell,FALSE,1,"2,170.15",203732177,1.10E+15,2025-01-13T10:42:39
PERSISTENT,INE262H01021,13-01-2025,NSE,EQ,EQ,sell,FALSE,2,"6,248.20",404129316,1.20E+15,2025-01-13T10:42:39
PERSISTENT,INE262H01021,13-01-2025,NSE,EQ,EQ,sell,FALSE,6,"6,248.20",404129317,1.20E+15,2025-01-13T10:42:39
PERSISTENT,INE262H01021,13-01-2025,NSE,EQ,EQ,sell,FALSE,2,"6,248.15",404129318,1.20E+15,2025-01-13T10:42:39
PERSISTENT,INE262H01021,13-01-2025,NSE,EQ,EQ,sell,FALSE,3,"6,248.10",404129319,1.20E+15,2025-01-13T10:42:39
PERSISTENT,INE262H01021,13-01-2025,NSE,EQ,EQ,sell,FALSE,1,"6,247.85",404129320,1.20E+15,2025-01-13T10:42:39
NEULANDLAB,INE794A01010,13-01-2025,NSE,EQ,EQ,sell,FALSE,1,"13,656.50",404129624,1.20E+15,2025-01-13T10:42:39
NEULANDLAB,INE794A01010,13-01-2025,NSE,EQ,EQ,sell,FALSE,2,"13,653.95",404129625,1.20E+15,2025-01-13T10:42:39
NEULANDLAB,INE794A01010,13-01-2025,NSE,EQ,EQ,sell,FALSE,2,"13,653.20",404129627,1.20E+15,2025-01-13T10:42:39
TRENT,INE849A01020,13-01-2025,NSE,EQ,EQ,sell,FALSE,8,"6,332.85",603673400,1.30E+15,2025-01-13T10:42:39
TRENT,INE849A01020,13-01-2025,NSE,EQ,EQ,sell,FALSE,1,"6,333",603673399,1.30E+15,2025-01-13T10:42:39
TRENT,INE849A01020,13-01-2025,NSE,EQ,EQ,sell,FALSE,1,"6,333.05",603673398,1.30E+15,2025-01-13T10:42:39
TRENT,INE849A01020,13-01-2025,NSE,EQ,EQ,sell,FALSE,3,"6,333.45",603673397,1.30E+15,2025-01-13T10:42:39
TRENT,INE849A01020,13-01-2025,NSE,EQ,EQ,sell,FALSE,3,"6,334",603673396,1.30E+15,2025-01-13T10:42:39
SJVN,INE002L01015,13-01-2025,NSE,EQ,EQ,sell,FALSE,254,95.15,603673273,1.30E+15,2025-01-13T10:42:39
SJVN,INE002L01015,13-01-2025,NSE,EQ,EQ,sell,FALSE,65,95.15,603673272,1.30E+15,2025-01-13T10:42:39
SJVN,INE002L01015,13-01-2025,NSE,EQ,EQ,sell,FALSE,70,95.16,603673271,1.30E+15,2025-01-13T10:42:39
SJVN,INE002L01015,13-01-2025,NSE,EQ,EQ,sell,FALSE,140,95.16,603673270,1.30E+15,2025-01-13T10:42:39
PFC,INE134E01011,13-01-2025,NSE,EQ,EQ,sell,FALSE,5,405.8,404129828,1.20E+15,2025-01-13T10:42:40
PFC,INE134E01011,13-01-2025,NSE,EQ,EQ,sell,FALSE,118,405.8,404129829,1.20E+15,2025-01-13T10:42:40
SARDAEN,INE385C01021,13-01-2025,NSE,EQ,EQ,buy,FALSE,4,465.45,603677433,1.30E+15,2025-01-13T10:42:48
SARDAEN,INE385C01021,13-01-2025,NSE,EQ,EQ,buy,FALSE,1,465.45,603677434,1.30E+15,2025-01-13T10:42:48
SARDAEN,INE385C01021,13-01-2025,NSE,EQ,EQ,buy,FALSE,51,465.5,603677435,1.30E+15,2025-01-13T10:42:48
PCBL,INE602A01031,13-01-2025,NSE,EQ,EQ,buy,FALSE,19,365.65,404134589,1.20E+15,2025-01-13T10:42:48
PCBL,INE602A01031,13-01-2025,NSE,EQ,EQ,buy,FALSE,13,365.65,404134588,1.20E+15,2025-01-13T10:42:48
PCBL,INE602A01031,13-01-2025,NSE,EQ,EQ,buy,FALSE,54,365.65,404134587,1.20E+15,2025-01-13T10:42:48
PCBL,INE602A01031,13-01-2025,NSE,EQ,EQ,buy,FALSE,25,365.6,404134586,1.20E+15,2025-01-13T10:42:48
PCBL,INE602A01031,13-01-2025,NSE,EQ,EQ,buy,FALSE,25,365.55,404134585,1.20E+15,2025-01-13T10:42:48
PCBL,INE602A01031,13-01-2025,NSE,EQ,EQ,buy,FALSE,1,365.55,404134584,1.20E+15,2025-01-13T10:42:48
SARDAEN,INE385C01021,13-01-2025,NSE,EQ,EQ,buy,FALSE,30,465.45,603677431,1.30E+15,2025-01-13T10:42:48
SARDAEN,INE385C01021,13-01-2025,NSE,EQ,EQ,buy,FALSE,4,465.45,603677430,1.30E+15,2025-01-13T10:42:48
SARDAEN,INE385C01021,13-01-2025,NSE,EQ,EQ,buy,FALSE,18,465.45,603677432,1.30E+15,2025-01-13T10:42:48
ITDCEM,INE686A01026,13-01-2025,NSE,EQ,EQ,buy,FALSE,10,510.15,203737559,1.10E+15,2025-01-13T10:42:49
DEEPAKFERT,INE501A01019,13-01-2025,NSE,EQ,EQ,buy,FALSE,23,"1,116.95",203737625,1.10E+15,2025-01-13T10:42:49
DEEPAKFERT,INE501A01019,13-01-2025,NSE,EQ,EQ,buy,FALSE,21,"1,117.15",203737626,1.10E+15,2025-01-13T10:42:49
PGEL,INE457L01029,13-01-2025,NSE,EQ,EQ,buy,FALSE,57,873,404134970,1.20E+15,2025-01-13T10:42:49
JINDALSTEL,INE749A01030,13-01-2025,NSE,EQ,EQ,buy,FALSE,55,913,404134878,1.20E+15,2025-01-13T10:42:49
ITDCEM,INE686A01026,13-01-2025,NSE,EQ,EQ,buy,FALSE,30,510.15,203737556,1.10E+15,2025-01-13T10:42:49
ITDCEM,INE686A01026,13-01-2025,NSE,EQ,EQ,buy,FALSE,23,510.15,203737557,1.10E+15,2025-01-13T10:42:49
ITDCEM,INE686A01026,13-01-2025,NSE,EQ,EQ,buy,FALSE,36,510.15,203737558,1.10E+15,2025-01-13T10:42:49
DEEPAKFERT,INE501A01019,13-01-2025,NSE,EQ,EQ,buy,FALSE,1,"1,116.95",203737624,1.10E+15,2025-01-13T10:42:49
PCBL,INE602A01031,13-01-2025,NSE,EQ,EQ,buy,FALSE,21,366.35,404139202,1.20E+15,2025-01-13T10:42:59
PCBL,INE602A01031,13-01-2025,NSE,EQ,EQ,buy,FALSE,88,366.3,404139199,1.20E+15,2025-01-13T10:42:59
PCBL,INE602A01031,13-01-2025,NSE,EQ,EQ,buy,FALSE,3,366.3,404139200,1.20E+15,2025-01-13T10:42:59
PCBL,INE602A01031,13-01-2025,NSE,EQ,EQ,buy,FALSE,25,366.3,404139201,1.20E+15,2025-01-13T10:42:59
SARDAEN,INE385C01021,13-01-2025,NSE,EQ,EQ,buy,FALSE,38,465.5,603681855,1.30E+15,2025-01-13T10:42:59
SARDAEN,INE385C01021,13-01-2025,NSE,EQ,EQ,buy,FALSE,70,465.5,603681856,1.30E+15,2025-01-13T10:42:59
PGEL,INE457L01029,13-01-2025,NSE,EQ,EQ,buy,FALSE,3,874.75,404139468,1.20E+15,2025-01-13T10:43:00
PGEL,INE457L01029,13-01-2025,NSE,EQ,EQ,buy,FALSE,27,874.6,404139467,1.20E+15,2025-01-13T10:43:00
PGEL,INE457L01029,13-01-2025,NSE,EQ,EQ,buy,FALSE,27,874.55,404139466,1.20E+15,2025-01-13T10:43:00
JINDALSTEL,INE749A01030,13-01-2025,NSE,EQ,EQ,buy,FALSE,55,913,404139380,1.20E+15,2025-01-13T10:43:00
ITDCEM,INE686A01026,13-01-2025,NSE,EQ,EQ,buy,FALSE,42,510.15,203741332,1.10E+15,2025-01-13T10:43:00
DEEPAKFERT,INE501A01019,13-01-2025,NSE,EQ,EQ,buy,FALSE,10,"1,118.35",203741378,1.10E+15,2025-01-13T10:43:00
DEEPAKFERT,INE501A01019,13-01-2025,NSE,EQ,EQ,buy,FALSE,35,"1,118.35",203741379,1.10E+15,2025-01-13T10:43:00
ITDCEM,INE686A01026,13-01-2025,NSE,EQ,EQ,buy,FALSE,57,510.15,203741333,1.10E+15,2025-01-13T10:43:00
SARDAEN,INE385C01021,13-01-2025,NSE,EQ,EQ,buy,FALSE,24,465.5,603687828,1.30E+15,2025-01-13T10:43:13
SARDAEN,INE385C01021,13-01-2025,NSE,EQ,EQ,buy,FALSE,84,465.5,603687829,1.30E+15,2025-01-13T10:43:13
PCBL,INE602A01031,13-01-2025,NSE,EQ,EQ,buy,FALSE,137,366.15,404144438,1.20E+15,2025-01-13T10:43:13
PGEL,INE457L01029,13-01-2025,NSE,EQ,EQ,buy,FALSE,8,874.8,404144729,1.20E+15,2025-01-13T10:43:14
PGEL,INE457L01029,13-01-2025,NSE,EQ,EQ,buy,FALSE,6,874.75,404144728,1.20E+15,2025-01-13T10:43:14
PGEL,INE457L01029,13-01-2025,NSE,EQ,EQ,buy,FALSE,1,874.75,404144727,1.20E+15,2025-01-13T10:43:14
PGEL,INE457L01029,13-01-2025,NSE,EQ,EQ,buy,FALSE,25,874.75,404144726,1.20E+15,2025-01-13T10:43:14
PGEL,INE457L01029,13-01-2025,NSE,EQ,EQ,buy,FALSE,8,874.7,404144725,1.20E+15,2025-01-13T10:43:14
JINDALSTEL,INE749A01030,13-01-2025,NSE,EQ,EQ,buy,FALSE,50,913,404144674,1.20E+15,2025-01-13T10:43:14
JINDALSTEL,INE749A01030,13-01-2025,NSE,EQ,EQ,buy,FALSE,5,912.95,404144673,1.20E+15,2025-01-13T10:43:14
ITDCEM,INE686A01026,13-01-2025,NSE,EQ,EQ,buy,FALSE,99,510.15,203746119,1.10E+15,2025-01-13T10:43:14
DEEPAKFERT,INE501A01019,13-01-2025,NSE,EQ,EQ,buy,FALSE,1,"1,118.25",203746149,1.10E+15,2025-01-13T10:43:14
DEEPAKFERT,INE501A01019,13-01-2025,NSE,EQ,EQ,buy,FALSE,1,"1,118.30",203746150,1.10E+15,2025-01-13T10:43:14
DEEPAKFERT,INE501A01019,13-01-2025,NSE,EQ,EQ,buy,FALSE,2,"1,118.30",203746151,1.10E+15,2025-01-13T10:43:14
DEEPAKFERT,INE501A01019,13-01-2025,NSE,EQ,EQ,buy,FALSE,38,"1,118.30",203746152,1.10E+15,2025-01-13T10:43:14
DEEPAKFERT,INE501A01019,13-01-2025,NSE,EQ,EQ,buy,FALSE,3,"1,118.30",203746153,1.10E+15,2025-01-13T10:43:14
PGEL,INE457L01029,13-01-2025,NSE,EQ,EQ,buy,FALSE,5,874.85,404144731,1.20E+15,2025-01-13T10:43:14
PGEL,INE457L01029,13-01-2025,NSE,EQ,EQ,buy,FALSE,4,874.85,404144730,1.20E+15,2025-01-13T10:43:14
ELECTCAST,INE086A01029,25-03-2025,BSE,EQ,A,sell,FALSE,198,101.21,4630400,1.74E+18,2025-03-25T11:58:01
ELECTCAST,INE086A01029,25-03-2025,BSE,EQ,A,sell,FALSE,"1,717",101.21,4630600,1.74E+18,2025-03-25T11:58:01
ELECTCAST,INE086A01029,25-03-2025,BSE,EQ,A,sell,FALSE,221,101.21,4630800,1.74E+18,2025-03-25T11:58:01
ELECTCAST,INE086A01029,25-03-2025,BSE,EQ,A,sell,FALSE,120,101.21,4630300,1.74E+18,2025-03-25T11:58:01
APARINDS,INE372A01015,25-03-2025,NSE,EQ,EQ,sell,FALSE,14,"5,898.35",4192603,1.00E+15,2025-03-25T11:58:23
APARINDS,INE372A01015,25-03-2025,NSE,EQ,EQ,sell,FALSE,1,"5,898.10",4204431,1.00E+15,2025-03-25T11:58:23
APARINDS,INE372A01015,25-03-2025,NSE,EQ,EQ,sell,FALSE,12,"5,898.10",4225545,1.00E+15,2025-03-25T11:58:23
APARINDS,INE372A01015,25-03-2025,NSE,EQ,EQ,sell,FALSE,17,"5,898.40",4192602,1.00E+15,2025-03-25T11:58:23
BEML,INE258A01016,25-03-2025,NSE,EQ,EQ,sell,FALSE,3,"2,790.80",4198955,1.00E+15,2025-03-25T11:58:41
BEML,INE258A01016,25-03-2025,NSE,EQ,EQ,sell,FALSE,1,"2,790.85",4198944,1.00E+15,2025-03-25T11:58:41
BEML,INE258A01016,25-03-2025,NSE,EQ,EQ,sell,FALSE,9,"2,790.85",4198945,1.00E+15,2025-03-25T11:58:41
BEML,INE258A01016,25-03-2025,NSE,EQ,EQ,sell,FALSE,1,"2,790.85",4198946,1.00E+15,2025-03-25T11:58:41
BEML,INE258A01016,25-03-2025,NSE,EQ,EQ,sell,FALSE,1,"2,790.85",4198947,1.00E+15,2025-03-25T11:58:41
BEML,INE258A01016,25-03-2025,NSE,EQ,EQ,sell,FALSE,3,"2,790.80",4198948,1.00E+15,2025-03-25T11:58:41
BEML,INE258A01016,25-03-2025,NSE,EQ,EQ,sell,FALSE,3,"2,790.80",4198949,1.00E+15,2025-03-25T11:58:41
BEML,INE258A01016,25-03-2025,NSE,EQ,EQ,sell,FALSE,11,"2,790.80",4198950,1.00E+15,2025-03-25T11:58:41
BEML,INE258A01016,25-03-2025,NSE,EQ,EQ,sell,FALSE,2,"2,790.80",4198951,1.00E+15,2025-03-25T11:58:41
BEML,INE258A01016,25-03-2025,NSE,EQ,EQ,sell,FALSE,3,"2,790.80",4198952,1.00E+15,2025-03-25T11:58:41
BEML,INE258A01016,25-03-2025,NSE,EQ,EQ,sell,FALSE,3,"2,790.80",4198953,1.00E+15,2025-03-25T11:58:41
BEML,INE258A01016,25-03-2025,NSE,EQ,EQ,sell,FALSE,2,"2,790.80",4198954,1.00E+15,2025-03-25T11:58:41
BEML,INE258A01016,25-03-2025,NSE,EQ,EQ,sell,FALSE,3,"2,790.80",4198956,1.00E+15,2025-03-25T11:58:41
BEML,INE258A01016,25-03-2025,NSE,EQ,EQ,sell,FALSE,2,"2,790.80",4198957,1.00E+15,2025-03-25T11:58:41
BEML,INE258A01016,25-03-2025,NSE,EQ,EQ,sell,FALSE,3,"2,790.80",4198958,1.00E+15,2025-03-25T11:58:41
BEML,INE258A01016,25-03-2025,NSE,EQ,EQ,sell,FALSE,3,"2,790.80",4198959,1.00E+15,2025-03-25T11:58:41
BEML,INE258A01016,25-03-2025,NSE,EQ,EQ,sell,FALSE,2,"2,790.80",4198960,1.00E+15,2025-03-25T11:58:41
BEML,INE258A01016,25-03-2025,NSE,EQ,EQ,sell,FALSE,2,"2,790.80",4198961,1.00E+15,2025-03-25T11:58:41
BEML,INE258A01016,25-03-2025,NSE,EQ,EQ,sell,FALSE,15,"2,790.80",4198962,1.00E+15,2025-03-25T11:58:41
TI,INE133E01013,25-03-2025,NSE,EQ,EQ,sell,FALSE,294,245.62,605414633,1.30E+15,2025-03-25T11:58:55
TI,INE133E01013,25-03-2025,NSE,EQ,EQ,sell,FALSE,134,245.62,605434304,1.30E+15,2025-03-25T11:58:55
TI,INE133E01013,25-03-2025,NSE,EQ,EQ,sell,FALSE,50,245.62,605418094,1.30E+15,2025-03-25T11:58:55
RVNL,INE415G01027,25-03-2025,BSE,EQ,A,sell,FALSE,483,369.15,9508700,1.74E+18,2025-03-25T12:00:49
RVNL,INE415G01027,25-03-2025,BSE,EQ,A,sell,FALSE,92,369.15,9508600,1.74E+18,2025-03-25T12:00:49
RVNL,INE415G01027,25-03-2025,BSE,EQ,A,sell,FALSE,15,369.2,9508400,1.74E+18,2025-03-25T12:00:49
ELECTCAST,INE086A01029,26-03-2025,NSE,EQ,EQ,buy,FALSE,144,98.79,203775578,1.10E+15,2025-03-26T11:19:02
ELECTCAST,INE086A01029,26-03-2025,NSE,EQ,EQ,buy,FALSE,1,98.79,203775579,1.10E+15,2025-03-26T11:19:02
ELECTCAST,INE086A01029,26-03-2025,NSE,EQ,EQ,buy,FALSE,8,98.79,203775580,1.10E+15,2025-03-26T11:19:02
ELECTCAST,INE086A01029,26-03-2025,NSE,EQ,EQ,buy,FALSE,3,98.83,203775596,1.10E+15,2025-03-26T11:19:02
ELECTCAST,INE086A01029,26-03-2025,NSE,EQ,EQ,buy,FALSE,28,98.83,203775597,1.10E+15,2025-03-26T11:19:02
ELECTCAST,INE086A01029,26-03-2025,NSE,EQ,EQ,buy,FALSE,3,98.83,203775598,1.10E+15,2025-03-26T11:19:02
ELECTCAST,INE086A01029,26-03-2025,NSE,EQ,EQ,buy,FALSE,28,98.83,203775599,1.10E+15,2025-03-26T11:19:02
ELECTCAST,INE086A01029,26-03-2025,NSE,EQ,EQ,buy,FALSE,3,98.83,203775600,1.10E+15,2025-03-26T11:19:02
ELECTCAST,INE086A01029,26-03-2025,NSE,EQ,EQ,buy,FALSE,28,98.83,203775601,1.10E+15,2025-03-26T11:19:02
ELECTCAST,INE086A01029,26-03-2025,NSE,EQ,EQ,buy,FALSE,3,98.83,203775602,1.10E+15,2025-03-26T11:19:02
ELECTCAST,INE086A01029,26-03-2025,NSE,EQ,EQ,buy,FALSE,28,98.83,203775603,1.10E+15,2025-03-26T11:19:02
ELECTCAST,INE086A01029,26-03-2025,NSE,EQ,EQ,buy,FALSE,3,98.83,203775604,1.10E+15,2025-03-26T11:19:02
ELECTCAST,INE086A01029,26-03-2025,NSE,EQ,EQ,buy,FALSE,28,98.83,203775605,1.10E+15,2025-03-26T11:19:02
ELECTCAST,INE086A01029,26-03-2025,NSE,EQ,EQ,buy,FALSE,3,98.83,203775606,1.10E+15,2025-03-26T11:19:02
ELECTCAST,INE086A01029,26-03-2025,NSE,EQ,EQ,buy,FALSE,28,98.83,203775607,1.10E+15,2025-03-26T11:19:02
ELECTCAST,INE086A01029,26-03-2025,NSE,EQ,EQ,buy,FALSE,3,98.83,203775608,1.10E+15,2025-03-26T11:19:02
ELECTCAST,INE086A01029,26-03-2025,NSE,EQ,EQ,buy,FALSE,28,98.83,203775609,1.10E+15,2025-03-26T11:19:02
ELECTCAST,INE086A01029,26-03-2025,NSE,EQ,EQ,buy,FALSE,3,98.83,203775610,1.10E+15,2025-03-26T11:19:02
ELECTCAST,INE086A01029,26-03-2025,NSE,EQ,EQ,buy,FALSE,28,98.83,203775611,1.10E+15,2025-03-26T11:19:02
ELECTCAST,INE086A01029,26-03-2025,NSE,EQ,EQ,buy,FALSE,28,98.83,203775595,1.10E+15,2025-03-26T11:19:02
ELECTCAST,INE086A01029,26-03-2025,NSE,EQ,EQ,buy,FALSE,22,98.83,203775613,1.10E+15,2025-03-26T11:19:02
ELECTCAST,INE086A01029,26-03-2025,NSE,EQ,EQ,buy,FALSE,2,98.83,203775614,1.10E+15,2025-03-26T11:19:02
ELECTCAST,INE086A01029,26-03-2025,NSE,EQ,EQ,buy,FALSE,64,98.84,203775615,1.10E+15,2025-03-26T11:19:02
ELECTCAST,INE086A01029,26-03-2025,NSE,EQ,EQ,buy,FALSE,25,98.84,203775616,1.10E+15,2025-03-26T11:19:02
ELECTCAST,INE086A01029,26-03-2025,NSE,EQ,EQ,buy,FALSE,1,98.84,203775617,1.10E+15,2025-03-26T11:19:02
ELECTCAST,INE086A01029,26-03-2025,NSE,EQ,EQ,buy,FALSE,18,98.84,203775618,1.10E+15,2025-03-26T11:19:02
ELECTCAST,INE086A01029,26-03-2025,NSE,EQ,EQ,buy,FALSE,201,98.84,203775619,1.10E+15,2025-03-26T11:19:02
ELECTCAST,INE086A01029,26-03-2025,NSE,EQ,EQ,buy,FALSE,3,98.83,203775612,1.10E+15,2025-03-26T11:19:02
ELECTCAST,INE086A01029,26-03-2025,NSE,EQ,EQ,buy,FALSE,25,98.79,203775581,1.10E+15,2025-03-26T11:19:02
ELECTCAST,INE086A01029,26-03-2025,NSE,EQ,EQ,buy,FALSE,32,98.79,203775582,1.10E+15,2025-03-26T11:19:02
ELECTCAST,INE086A01029,26-03-2025,NSE,EQ,EQ,buy,FALSE,104,98.8,203775583,1.10E+15,2025-03-26T11:19:02
ELECTCAST,INE086A01029,26-03-2025,NSE,EQ,EQ,buy,FALSE,182,98.8,203775584,1.10E+15,2025-03-26T11:19:02
ELECTCAST,INE086A01029,26-03-2025,NSE,EQ,EQ,buy,FALSE,8,98.8,203775585,1.10E+15,2025-03-26T11:19:02
ELECTCAST,INE086A01029,26-03-2025,NSE,EQ,EQ,buy,FALSE,94,98.8,203775586,1.10E+15,2025-03-26T11:19:02
ELECTCAST,INE086A01029,26-03-2025,NSE,EQ,EQ,buy,FALSE,150,98.8,203775587,1.10E+15,2025-03-26T11:19:02
ELECTCAST,INE086A01029,26-03-2025,NSE,EQ,EQ,buy,FALSE,379,98.8,203775588,1.10E+15,2025-03-26T11:19:02
ELECTCAST,INE086A01029,26-03-2025,NSE,EQ,EQ,buy,FALSE,25,98.81,203775589,1.10E+15,2025-03-26T11:19:02
ELECTCAST,INE086A01029,26-03-2025,NSE,EQ,EQ,buy,FALSE,173,98.82,203775590,1.10E+15,2025-03-26T11:19:02
ELECTCAST,INE086A01029,26-03-2025,NSE,EQ,EQ,buy,FALSE,71,98.82,203775591,1.10E+15,2025-03-26T11:19:02
ELECTCAST,INE086A01029,26-03-2025,NSE,EQ,EQ,buy,FALSE,59,98.82,203775592,1.10E+15,2025-03-26T11:19:02
ELECTCAST,INE086A01029,26-03-2025,NSE,EQ,EQ,buy,FALSE,171,98.82,203775593,1.10E+15,2025-03-26T11:19:02
ELECTCAST,INE086A01029,26-03-2025,NSE,EQ,EQ,buy,FALSE,18,98.82,203775594,1.10E+15,2025-03-26T11:19:02
APARINDS,INE372A01015,26-03-2025,NSE,EQ,EQ,buy,FALSE,2,"5,860",3150546,1.00E+15,2025-03-26T11:19:14
APARINDS,INE372A01015,26-03-2025,NSE,EQ,EQ,buy,FALSE,1,"5,860",3150545,1.00E+15,2025-03-26T11:19:14
APARINDS,INE372A01015,26-03-2025,NSE,EQ,EQ,buy,FALSE,1,"5,860.40",3150547,1.00E+15,2025-03-26T11:19:14
APARINDS,INE372A01015,26-03-2025,NSE,EQ,EQ,buy,FALSE,3,"5,861.55",3150548,1.00E+15,2025-03-26T11:19:14
APARINDS,INE372A01015,26-03-2025,NSE,EQ,EQ,buy,FALSE,2,"5,863.80",3150549,1.00E+15,2025-03-26T11:19:14
APARINDS,INE372A01015,26-03-2025,NSE,EQ,EQ,buy,FALSE,1,"5,863.85",3150550,1.00E+15,2025-03-26T11:19:14
APARINDS,INE372A01015,26-03-2025,NSE,EQ,EQ,buy,FALSE,2,"5,863.90",3150551,1.00E+15,2025-03-26T11:19:14
APARINDS,INE372A01015,26-03-2025,NSE,EQ,EQ,buy,FALSE,3,"5,864.05",3150552,1.00E+15,2025-03-26T11:19:14
APARINDS,INE372A01015,26-03-2025,NSE,EQ,EQ,buy,FALSE,4,"5,864.15",3150553,1.00E+15,2025-03-26T11:19:14
APARINDS,INE372A01015,26-03-2025,NSE,EQ,EQ,buy,FALSE,3,"5,864.20",3150554,1.00E+15,2025-03-26T11:19:14
APARINDS,INE372A01015,26-03-2025,NSE,EQ,EQ,buy,FALSE,4,"5,864.25",3150555,1.00E+15,2025-03-26T11:19:14
APARINDS,INE372A01015,26-03-2025,NSE,EQ,EQ,buy,FALSE,5,"5,864.30",3150556,1.00E+15,2025-03-26T11:19:14
APARINDS,INE372A01015,26-03-2025,NSE,EQ,EQ,buy,FALSE,3,"5,864.30",3150557,1.00E+15,2025-03-26T11:19:14
APARINDS,INE372A01015,26-03-2025,NSE,EQ,EQ,buy,FALSE,1,"5,864.40",3150558,1.00E+15,2025-03-26T11:19:14
APARINDS,INE372A01015,26-03-2025,NSE,EQ,EQ,buy,FALSE,6,"5,864.40",3150559,1.00E+15,2025-03-26T11:19:14
APARINDS,INE372A01015,26-03-2025,NSE,EQ,EQ,buy,FALSE,3,"5,864.55",3150560,1.00E+15,2025-03-26T11:19:14
BEML,INE258A01016,26-03-2025,NSE,EQ,EQ,buy,FALSE,1,"2,767.85",3153433,1.00E+15,2025-03-26T11:19:29
BEML,INE258A01016,26-03-2025,NSE,EQ,EQ,buy,FALSE,5,"2,768.50",3153443,1.00E+15,2025-03-26T11:19:29
BEML,INE258A01016,26-03-2025,NSE,EQ,EQ,buy,FALSE,11,"2,768.50",3153444,1.00E+15,2025-03-26T11:19:29
BEML,INE258A01016,26-03-2025,NSE,EQ,EQ,buy,FALSE,1,"2,768.45",3153440,1.00E+15,2025-03-26T11:19:29
BEML,INE258A01016,26-03-2025,NSE,EQ,EQ,buy,FALSE,9,"2,768",3153434,1.00E+15,2025-03-26T11:19:29
BEML,INE258A01016,26-03-2025,NSE,EQ,EQ,buy,FALSE,1,"2,768.15",3153435,1.00E+15,2025-03-26T11:19:29
BEML,INE258A01016,26-03-2025,NSE,EQ,EQ,buy,FALSE,13,"2,768.20",3153436,1.00E+15,2025-03-26T11:19:29
BEML,INE258A01016,26-03-2025,NSE,EQ,EQ,buy,FALSE,2,"2,768.40",3153437,1.00E+15,2025-03-26T11:19:29
BEML,INE258A01016,26-03-2025,NSE,EQ,EQ,buy,FALSE,13,"2,768.40",3153438,1.00E+15,2025-03-26T11:19:29
BEML,INE258A01016,26-03-2025,NSE,EQ,EQ,buy,FALSE,13,"2,768.45",3153441,1.00E+15,2025-03-26T11:19:29
BEML,INE258A01016,26-03-2025,NSE,EQ,EQ,buy,FALSE,1,"2,768.40",3153439,1.00E+15,2025-03-26T11:19:29
BEML,INE258A01016,26-03-2025,NSE,EQ,EQ,buy,FALSE,2,"2,768.45",3153442,1.00E+15,2025-03-26T11:19:29
TI,INE133E01013,26-03-2025,NSE,EQ,EQ,buy,FALSE,72,241.2,603927987,1.30E+15,2025-03-26T11:19:42
TI,INE133E01013,26-03-2025,NSE,EQ,EQ,buy,FALSE,217,241.2,603927988,1.30E+15,2025-03-26T11:19:42
TI,INE133E01013,26-03-2025,NSE,EQ,EQ,buy,FALSE,63,241.18,603927985,1.30E+15,2025-03-26T11:19:42
TI,INE133E01013,26-03-2025,NSE,EQ,EQ,buy,FALSE,126,241.19,603927986,1.30E+15,2025-03-26T11:19:42
RVNL,INE415G01027,26-03-2025,NSE,EQ,EQ,buy,FALSE,145,365.4,603931383,1.30E+15,2025-03-26T11:19:52
RVNL,INE415G01027,26-03-2025,NSE,EQ,EQ,buy,FALSE,200,365.4,603931386,1.30E+15,2025-03-26T11:19:52
RVNL,INE415G01027,26-03-2025,NSE,EQ,EQ,buy,FALSE,100,365.4,603931387,1.30E+15,2025-03-26T11:19:52
RVNL,INE415G01027,26-03-2025,NSE,EQ,EQ,buy,FALSE,64,365.5,603931388,1.30E+15,2025-03-26T11:19:52
RVNL,INE415G01027,26-03-2025,NSE,EQ,EQ,buy,FALSE,41,365.4,603931384,1.30E+15,2025-03-26T11:19:52
RVNL,INE415G01027,26-03-2025,NSE,EQ,EQ,buy,FALSE,40,365.4,603931385,1.30E+15,2025-03-26T11:19:52
IIFLCAPS,INE489L01022,26-03-2025,NSE,EQ,EQ,sell,FALSE,5,228.51,203796939,1.10E+15,2025-03-26T11:20:19
IIFLCAPS,INE489L01022,26-03-2025,NSE,EQ,EQ,sell,FALSE,100,228.6,203796938,1.10E+15,2025-03-26T11:20:19
IIFLCAPS,INE489L01022,26-03-2025,NSE,EQ,EQ,sell,FALSE,5,228.6,203796937,1.10E+15,2025-03-26T11:20:19
IIFLCAPS,INE489L01022,26-03-2025,NSE,EQ,EQ,sell,FALSE,283,228.6,203796936,1.10E+15,2025-03-26T11:20:19
IIFLCAPS,INE489L01022,26-03-2025,NSE,EQ,EQ,sell,FALSE,100,228.5,203796940,1.10E+15,2025-03-26T11:20:19
IIFLCAPS,INE489L01022,26-03-2025,NSE,EQ,EQ,sell,FALSE,15,228.48,203796941,1.10E+15,2025-03-26T11:20:19
IIFLCAPS,INE489L01022,26-03-2025,NSE,EQ,EQ,sell,FALSE,7,228.47,203796942,1.10E+15,2025-03-26T11:20:19
IIFLCAPS,INE489L01022,26-03-2025,NSE,EQ,EQ,sell,FALSE,3,228.46,203796943,1.10E+15,2025-03-26T11:20:19
IIFLCAPS,INE489L01022,26-03-2025,NSE,EQ,EQ,sell,FALSE,18,228.46,203796944,1.10E+15,2025-03-26T11:20:19
IIFLCAPS,INE489L01022,26-03-2025,NSE,EQ,EQ,sell,FALSE,16,228.46,203796945,1.10E+15,2025-03-26T11:20:19
SJVN,INE002L01015,26-03-2025,NSE,EQ,EQ,sell,FALSE,211,93.81,603956254,1.30E+15,2025-03-26T11:21:14
SJVN,INE002L01015,26-03-2025,NSE,EQ,EQ,sell,FALSE,2,93.82,603956248,1.30E+15,2025-03-26T11:21:14
SJVN,INE002L01015,26-03-2025,NSE,EQ,EQ,sell,FALSE,9,93.82,603956249,1.30E+15,2025-03-26T11:21:14
SJVN,INE002L01015,26-03-2025,NSE,EQ,EQ,sell,FALSE,22,93.82,603956250,1.30E+15,2025-03-26T11:21:14
SJVN,INE002L01015,26-03-2025,NSE,EQ,EQ,sell,FALSE,240,93.82,603956251,1.30E+15,2025-03-26T11:21:14
SJVN,INE002L01015,26-03-2025,NSE,EQ,EQ,sell,FALSE,2,93.81,603956252,1.30E+15,2025-03-26T11:21:14
SJVN,INE002L01015,26-03-2025,NSE,EQ,EQ,sell,FALSE,3,93.8,603956260,1.30E+15,2025-03-26T11:21:14
SJVN,INE002L01015,26-03-2025,NSE,EQ,EQ,sell,FALSE,93,93.8,603956259,1.30E+15,2025-03-26T11:21:14
SJVN,INE002L01015,26-03-2025,NSE,EQ,EQ,sell,FALSE,216,93.81,603956255,1.30E+15,2025-03-26T11:21:14
SJVN,INE002L01015,26-03-2025,NSE,EQ,EQ,sell,FALSE,211,93.81,603956253,1.30E+15,2025-03-26T11:21:14
SJVN,INE002L01015,26-03-2025,NSE,EQ,EQ,sell,FALSE,54,93.8,603956256,1.30E+15,2025-03-26T11:21:14
SJVN,INE002L01015,26-03-2025,NSE,EQ,EQ,sell,FALSE,180,93.8,603956257,1.30E+15,2025-03-26T11:21:14
SJVN,INE002L01015,26-03-2025,NSE,EQ,EQ,sell,FALSE,157,93.8,603956258,1.30E+15,2025-03-26T11:21:14
JSL,INE220G01021,26-03-2025,BSE,EQ,A,sell,FALSE,1,595,5190900,1.74E+18,2025-03-26T11:21:31
JSL,INE220G01021,26-03-2025,BSE,EQ,A,sell,FALSE,11,594.9,5191200,1.74E+18,2025-03-26T11:21:31
JSL,INE220G01021,26-03-2025,BSE,EQ,A,sell,FALSE,47,594.75,5191600,1.74E+18,2025-03-26T11:21:31
JSL,INE220G01021,26-03-2025,BSE,EQ,A,sell,FALSE,13,594.65,5191800,1.74E+18,2025-03-26T11:21:31
JSL,INE220G01021,26-03-2025,BSE,EQ,A,sell,FALSE,489,594.6,5192300,1.74E+18,2025-03-26T11:21:31
JSL,INE220G01021,26-03-2025,BSE,EQ,A,sell,FALSE,1,594.55,5192500,1.74E+18,2025-03-26T11:21:31
IRB,INE821I01022,26-03-2025,NSE,EQ,EQ,sell,FALSE,18,46.12,203819480,1.10E+15,2025-03-26T11:21:44
IRB,INE821I01022,26-03-2025,NSE,EQ,EQ,sell,FALSE,10,46.12,203819481,1.10E+15,2025-03-26T11:21:44
IRB,INE821I01022,26-03-2025,NSE,EQ,EQ,sell,FALSE,"2,914",46.11,203819482,1.10E+15,2025-03-26T11:21:44
SHARDAMOTR,INE597I01028,26-03-2025,NSE,EQ,EQ,sell,FALSE,2,"1,648.60",603969656,1.30E+15,2025-03-26T11:22:04
SHARDAMOTR,INE597I01028,26-03-2025,NSE,EQ,EQ,sell,FALSE,8,"1,648.55",603969657,1.30E+15,2025-03-26T11:22:04
SHARDAMOTR,INE597I01028,26-03-2025,NSE,EQ,EQ,sell,FALSE,2,"1,648.50",603969658,1.30E+15,2025-03-26T11:22:04
SHARDAMOTR,INE597I01028,26-03-2025,NSE,EQ,EQ,sell,FALSE,3,"1,648.35",603969662,1.30E+15,2025-03-26T11:22:04
SHARDAMOTR,INE597I01028,26-03-2025,NSE,EQ,EQ,sell,FALSE,5,"1,648.35",603969661,1.30E+15,2025-03-26T11:22:04
SHARDAMOTR,INE597I01028,26-03-2025,NSE,EQ,EQ,sell,FALSE,65,"1,648.40",603969660,1.30E+15,2025-03-26T11:22:04
SHARDAMOTR,INE597I01028,26-03-2025,NSE,EQ,EQ,sell,FALSE,1,"1,648.45",603969659,1.30E+15,2025-03-26T11:22:04
FACT,INE188A01015,26-03-2025,NSE,EQ,EQ,sell,FALSE,8,652.35,203828506,1.10E+15,2025-03-26T11:22:16
FACT,INE188A01015,26-03-2025,NSE,EQ,EQ,sell,FALSE,16,652.5,203828487,1.10E+15,2025-03-26T11:22:16
FACT,INE188A01015,26-03-2025,NSE,EQ,EQ,sell,FALSE,35,652.5,203828488,1.10E+15,2025-03-26T11:22:16
FACT,INE188A01015,26-03-2025,NSE,EQ,EQ,sell,FALSE,4,652.45,203828489,1.10E+15,2025-03-26T11:22:16
FACT,INE188A01015,26-03-2025,NSE,EQ,EQ,sell,FALSE,4,652.45,203828490,1.10E+15,2025-03-26T11:22:16
FACT,INE188A01015,26-03-2025,NSE,EQ,EQ,sell,FALSE,1,652.45,203828491,1.10E+15,2025-03-26T11:22:16
FACT,INE188A01015,26-03-2025,NSE,EQ,EQ,sell,FALSE,4,652.45,203828492,1.10E+15,2025-03-26T11:22:16
FACT,INE188A01015,26-03-2025,NSE,EQ,EQ,sell,FALSE,4,652.45,203828493,1.10E+15,2025-03-26T11:22:16
FACT,INE188A01015,26-03-2025,NSE,EQ,EQ,sell,FALSE,1,652.45,203828494,1.10E+15,2025-03-26T11:22:16
FACT,INE188A01015,26-03-2025,NSE,EQ,EQ,sell,FALSE,4,652.45,203828495,1.10E+15,2025-03-26T11:22:16
FACT,INE188A01015,26-03-2025,NSE,EQ,EQ,sell,FALSE,4,652.45,203828496,1.10E+15,2025-03-26T11:22:16
FACT,INE188A01015,26-03-2025,NSE,EQ,EQ,sell,FALSE,1,652.45,203828497,1.10E+15,2025-03-26T11:22:16
FACT,INE188A01015,26-03-2025,NSE,EQ,EQ,sell,FALSE,4,652.45,203828498,1.10E+15,2025-03-26T11:22:16
FACT,INE188A01015,26-03-2025,NSE,EQ,EQ,sell,FALSE,4,652.45,203828499,1.10E+15,2025-03-26T11:22:16
FACT,INE188A01015,26-03-2025,NSE,EQ,EQ,sell,FALSE,19,652.45,203828500,1.10E+15,2025-03-26T11:22:16
FACT,INE188A01015,26-03-2025,NSE,EQ,EQ,sell,FALSE,1,652.35,203828501,1.10E+15,2025-03-26T11:22:16
FACT,INE188A01015,26-03-2025,NSE,EQ,EQ,sell,FALSE,4,652.35,203828502,1.10E+15,2025-03-26T11:22:16
FACT,INE188A01015,26-03-2025,NSE,EQ,EQ,sell,FALSE,1,652.35,203828503,1.10E+15,2025-03-26T11:22:16
FACT,INE188A01015,26-03-2025,NSE,EQ,EQ,sell,FALSE,4,652.35,203828504,1.10E+15,2025-03-26T11:22:16
FACT,INE188A01015,26-03-2025,NSE,EQ,EQ,sell,FALSE,1,652.35,203828505,1.10E+15,2025-03-26T11:22:16
FACT,INE188A01015,26-03-2025,NSE,EQ,EQ,sell,FALSE,15,652.3,203828507,1.10E+15,2025-03-26T11:22:16
FACT,INE188A01015,26-03-2025,NSE,EQ,EQ,sell,FALSE,32,652.3,203828508,1.10E+15,2025-03-26T11:22:16
FACT,INE188A01015,26-03-2025,NSE,EQ,EQ,sell,FALSE,20,652.55,203828483,1.10E+15,2025-03-26T11:22:16
FACT,INE188A01015,26-03-2025,NSE,EQ,EQ,sell,FALSE,14,652.55,203828484,1.10E+15,2025-03-26T11:22:16
FACT,INE188A01015,26-03-2025,NSE,EQ,EQ,sell,FALSE,14,652.55,203828485,1.10E+15,2025-03-26T11:22:16
FACT,INE188A01015,26-03-2025,NSE,EQ,EQ,sell,FALSE,87,652.5,203828486,1.10E+15,2025-03-26T11:22:16
FACT,INE188A01015,26-03-2025,NSE,EQ,EQ,sell,FALSE,20,652.55,203828480,1.10E+15,2025-03-26T11:22:16
FACT,INE188A01015,26-03-2025,NSE,EQ,EQ,sell,FALSE,20,652.55,203828481,1.10E+15,2025-03-26T11:22:16
FACT,INE188A01015,26-03-2025,NSE,EQ,EQ,sell,FALSE,20,652.55,203828482,1.10E+15,2025-03-26T11:22:16
KEC,INE389H01022,26-03-2025,BSE,EQ,A,sell,FALSE,9,771.1,3257400,1.74E+18,2025-03-26T11:22:31
KEC,INE389H01022,26-03-2025,BSE,EQ,A,sell,FALSE,21,771.05,3257800,1.74E+18,2025-03-26T11:22:31
KEC,INE389H01022,26-03-2025,BSE,EQ,A,sell,FALSE,18,770.95,3258100,1.74E+18,2025-03-26T11:22:31
KEC,INE389H01022,26-03-2025,BSE,EQ,A,sell,FALSE,33,770.9,3258300,1.74E+18,2025-03-26T11:22:31
KEC,INE389H01022,26-03-2025,BSE,EQ,A,sell,FALSE,83,770.85,3258500,1.74E+18,2025-03-26T11:22:31
KEC,INE389H01022,26-03-2025,BSE,EQ,A,sell,FALSE,24,770.8,3258700,1.74E+18,2025-03-26T11:22:31
NCC,INE868B01028,26-03-2025,NSE,EQ,EQ,sell,FALSE,480,213.15,404067213,1.20E+15,2025-03-26T11:22:43
RTNINDIA,INE834M01019,26-03-2025,NSE,EQ,EQ,sell,FALSE,14,42.43,603989328,1.30E+15,2025-03-26T11:23:07
RTNINDIA,INE834M01019,26-03-2025,NSE,EQ,EQ,sell,FALSE,22,42.43,603989329,1.30E+15,2025-03-26T11:23:07
RTNINDIA,INE834M01019,26-03-2025,NSE,EQ,EQ,sell,FALSE,17,42.43,603989330,1.30E+15,2025-03-26T11:23:07
RTNINDIA,INE834M01019,26-03-2025,NSE,EQ,EQ,sell,FALSE,5,42.43,603989331,1.30E+15,2025-03-26T11:23:07
RTNINDIA,INE834M01019,26-03-2025,NSE,EQ,EQ,sell,FALSE,11,42.43,603989332,1.30E+15,2025-03-26T11:23:07
RTNINDIA,INE834M01019,26-03-2025,NSE,EQ,EQ,sell,FALSE,22,42.43,603989333,1.30E+15,2025-03-26T11:23:07
RTNINDIA,INE834M01019,26-03-2025,NSE,EQ,EQ,sell,FALSE,17,42.43,603989334,1.30E+15,2025-03-26T11:23:07
RTNINDIA,INE834M01019,26-03-2025,NSE,EQ,EQ,sell,FALSE,22,42.43,603989335,1.30E+15,2025-03-26T11:23:07
RTNINDIA,INE834M01019,26-03-2025,NSE,EQ,EQ,sell,FALSE,17,42.43,603989336,1.30E+15,2025-03-26T11:23:07
RTNINDIA,INE834M01019,26-03-2025,NSE,EQ,EQ,sell,FALSE,22,42.43,603989337,1.30E+15,2025-03-26T11:23:07
RTNINDIA,INE834M01019,26-03-2025,NSE,EQ,EQ,sell,FALSE,17,42.43,603989338,1.30E+15,2025-03-26T11:23:07
RTNINDIA,INE834M01019,26-03-2025,NSE,EQ,EQ,sell,FALSE,22,42.43,603989339,1.30E+15,2025-03-26T11:23:07
RTNINDIA,INE834M01019,26-03-2025,NSE,EQ,EQ,sell,FALSE,17,42.43,603989340,1.30E+15,2025-03-26T11:23:07
RTNINDIA,INE834M01019,26-03-2025,NSE,EQ,EQ,sell,FALSE,19,42.43,603989341,1.30E+15,2025-03-26T11:23:07
RTNINDIA,INE834M01019,26-03-2025,NSE,EQ,EQ,sell,FALSE,15,42.43,603989342,1.30E+15,2025-03-26T11:23:07
RTNINDIA,INE834M01019,26-03-2025,NSE,EQ,EQ,sell,FALSE,168,42.42,603989343,1.30E+15,2025-03-26T11:23:07
RTNINDIA,INE834M01019,26-03-2025,NSE,EQ,EQ,sell,FALSE,22,42.43,603989321,1.30E+15,2025-03-26T11:23:07
RTNINDIA,INE834M01019,26-03-2025,NSE,EQ,EQ,sell,FALSE,14,42.43,603989320,1.30E+15,2025-03-26T11:23:07
RTNINDIA,INE834M01019,26-03-2025,NSE,EQ,EQ,sell,FALSE,33,42.43,603989319,1.30E+15,2025-03-26T11:23:07
RTNINDIA,INE834M01019,26-03-2025,NSE,EQ,EQ,sell,FALSE,17,42.43,603989318,1.30E+15,2025-03-26T11:23:07
RTNINDIA,INE834M01019,26-03-2025,NSE,EQ,EQ,sell,FALSE,22,42.43,603989317,1.30E+15,2025-03-26T11:23:07
RTNINDIA,INE834M01019,26-03-2025,NSE,EQ,EQ,sell,FALSE,14,42.43,603989316,1.30E+15,2025-03-26T11:23:07
RTNINDIA,INE834M01019,26-03-2025,NSE,EQ,EQ,sell,FALSE,33,42.43,603989315,1.30E+15,2025-03-26T11:23:07
RTNINDIA,INE834M01019,26-03-2025,NSE,EQ,EQ,sell,FALSE,371,42.43,603989314,1.30E+15,2025-03-26T11:23:07
RTNINDIA,INE834M01019,26-03-2025,NSE,EQ,EQ,sell,FALSE,22,42.43,603989312,1.30E+15,2025-03-26T11:23:07
RTNINDIA,INE834M01019,26-03-2025,NSE,EQ,EQ,sell,FALSE,98,42.44,603989311,1.30E+15,2025-03-26T11:23:07
RTNINDIA,INE834M01019,26-03-2025,NSE,EQ,EQ,sell,FALSE,17,42.43,603989313,1.30E+15,2025-03-26T11:23:07
RTNINDIA,INE834M01019,26-03-2025,NSE,EQ,EQ,sell,FALSE,33,42.43,603989323,1.30E+15,2025-03-26T11:23:07
RTNINDIA,INE834M01019,26-03-2025,NSE,EQ,EQ,sell,FALSE,14,42.43,603989324,1.30E+15,2025-03-26T11:23:07
RTNINDIA,INE834M01019,26-03-2025,NSE,EQ,EQ,sell,FALSE,22,42.43,603989325,1.30E+15,2025-03-26T11:23:07
RTNINDIA,INE834M01019,26-03-2025,NSE,EQ,EQ,sell,FALSE,17,42.43,603989326,1.30E+15,2025-03-26T11:23:07
RTNINDIA,INE834M01019,26-03-2025,NSE,EQ,EQ,sell,FALSE,33,42.43,603989327,1.30E+15,2025-03-26T11:23:07
RTNINDIA,INE834M01019,26-03-2025,NSE,EQ,EQ,sell,FALSE,17,42.43,603989322,1.30E+15,2025-03-26T11:23:07
PRESTIGE,INE811K01011,26-03-2025,NSE,EQ,EQ,sell,FALSE,40,"1,228.80",404074973,1.20E+15,2025-03-26T11:23:16
PRESTIGE,INE811K01011,26-03-2025,NSE,EQ,EQ,sell,FALSE,2,"1,228.45",404074974,1.20E+15,2025-03-26T11:23:16
PRESTIGE,INE811K01011,26-03-2025,NSE,EQ,EQ,sell,FALSE,20,"1,228.40",404074975,1.20E+15,2025-03-26T11:23:16
PRESTIGE,INE811K01011,26-03-2025,NSE,EQ,EQ,sell,FALSE,33,"1,228.40",404074976,1.20E+15,2025-03-26T11:23:16
PRESTIGE,INE811K01011,26-03-2025,NSE,EQ,EQ,sell,FALSE,33,"1,228.40",404074977,1.20E+15,2025-03-26T11:23:16
MSTCLTD,INE255X01014,26-03-2025,BSE,EQ,A,sell,FALSE,13,526.15,9204800,1.74E+18,2025-03-26T11:24:03
MSTCLTD,INE255X01014,26-03-2025,BSE,EQ,A,sell,FALSE,7,526.1,9205000,1.74E+18,2025-03-26T11:24:03
MSTCLTD,INE255X01014,26-03-2025,BSE,EQ,A,sell,FALSE,23,526.05,9205300,1.74E+18,2025-03-26T11:24:03
MSTCLTD,INE255X01014,26-03-2025,BSE,EQ,A,sell,FALSE,22,525.85,9205500,1.74E+18,2025-03-26T11:24:03
MSTCLTD,INE255X01014,26-03-2025,BSE,EQ,A,sell,FALSE,2,525.7,9205800,1.74E+18,2025-03-26T11:24:03
MSTCLTD,INE255X01014,26-03-2025,BSE,EQ,A,sell,FALSE,45,525.65,9206000,1.74E+18,2025-03-26T11:24:03
BANCOINDIA,INE213C01025,26-03-2025,NSE,EQ,EQ,sell,FALSE,59,349.15,3213912,1.00E+15,2025-03-26T11:24:26
BANCOINDIA,INE213C01025,26-03-2025,NSE,EQ,EQ,sell,FALSE,17,349.35,3213904,1.00E+15,2025-03-26T11:24:26
BANCOINDIA,INE213C01025,26-03-2025,NSE,EQ,EQ,sell,FALSE,2,349.2,3213905,1.00E+15,2025-03-26T11:24:26
BANCOINDIA,INE213C01025,26-03-2025,NSE,EQ,EQ,sell,FALSE,2,349.2,3213906,1.00E+15,2025-03-26T11:24:26
BANCOINDIA,INE213C01025,26-03-2025,NSE,EQ,EQ,sell,FALSE,7,349.2,3213907,1.00E+15,2025-03-26T11:24:26
BANCOINDIA,INE213C01025,26-03-2025,NSE,EQ,EQ,sell,FALSE,21,349.15,3213908,1.00E+15,2025-03-26T11:24:26
BANCOINDIA,INE213C01025,26-03-2025,NSE,EQ,EQ,sell,FALSE,1,349.15,3213909,1.00E+15,2025-03-26T11:24:26
BANCOINDIA,INE213C01025,26-03-2025,NSE,EQ,EQ,sell,FALSE,1,349.15,3213910,1.00E+15,2025-03-26T11:24:26
BANCOINDIA,INE213C01025,26-03-2025,NSE,EQ,EQ,sell,FALSE,2,349.15,3213911,1.00E+15,2025-03-26T11:24:26
BANCOINDIA,INE213C01025,26-03-2025,NSE,EQ,EQ,sell,FALSE,1,349.15,3213913,1.00E+15,2025-03-26T11:24:26
BANCOINDIA,INE213C01025,26-03-2025,NSE,EQ,EQ,sell,FALSE,2,349.15,3213914,1.00E+15,2025-03-26T11:24:26
BANCOINDIA,INE213C01025,26-03-2025,NSE,EQ,EQ,sell,FALSE,59,349.15,3213915,1.00E+15,2025-03-26T11:24:26
BANCOINDIA,INE213C01025,26-03-2025,NSE,EQ,EQ,sell,FALSE,1,349.15,3213916,1.00E+15,2025-03-26T11:24:26
BANCOINDIA,INE213C01025,26-03-2025,NSE,EQ,EQ,sell,FALSE,2,349.15,3213917,1.00E+15,2025-03-26T11:24:26
BANCOINDIA,INE213C01025,26-03-2025,NSE,EQ,EQ,sell,FALSE,3,349.15,3213918,1.00E+15,2025-03-26T11:24:26
SJVN,INE002L01015,27-03-2025,NSE,EQ,EQ,buy,FALSE,203,91.71,605025948,1.30E+15,2025-03-27T12:19:16
SJVN,INE002L01015,27-03-2025,NSE,EQ,EQ,buy,FALSE,"1,110",91.71,605025949,1.30E+15,2025-03-27T12:19:16
SJVN,INE002L01015,27-03-2025,NSE,EQ,EQ,buy,FALSE,87,91.71,605025947,1.30E+15,2025-03-27T12:19:16
JSL,INE220G01021,27-03-2025,NSE,EQ,EQ,buy,FALSE,22,583.35,405291863,1.20E+15,2025-03-27T12:19:32
JSL,INE220G01021,27-03-2025,NSE,EQ,EQ,buy,FALSE,14,583.4,405291868,1.20E+15,2025-03-27T12:19:32
JSL,INE220G01021,27-03-2025,NSE,EQ,EQ,buy,FALSE,3,583.4,405291869,1.20E+15,2025-03-27T12:19:32
JSL,INE220G01021,27-03-2025,NSE,EQ,EQ,buy,FALSE,26,583.35,405291864,1.20E+15,2025-03-27T12:19:32
JSL,INE220G01021,27-03-2025,NSE,EQ,EQ,buy,FALSE,3,583.4,405291865,1.20E+15,2025-03-27T12:19:32
JSL,INE220G01021,27-03-2025,NSE,EQ,EQ,buy,FALSE,14,583.4,405291866,1.20E+15,2025-03-27T12:19:32
JSL,INE220G01021,27-03-2025,NSE,EQ,EQ,buy,FALSE,3,583.4,405291867,1.20E+15,2025-03-27T12:19:32
JSL,INE220G01021,27-03-2025,NSE,EQ,EQ,buy,FALSE,15,583.3,405291862,1.20E+15,2025-03-27T12:19:32
JSL,INE220G01021,27-03-2025,NSE,EQ,EQ,buy,FALSE,23,583.25,405291861,1.20E+15,2025-03-27T12:19:32
JSL,INE220G01021,27-03-2025,NSE,EQ,EQ,buy,FALSE,26,583.55,405291880,1.20E+15,2025-03-27T12:19:32
JSL,INE220G01021,27-03-2025,NSE,EQ,EQ,buy,FALSE,53,583.55,405291881,1.20E+15,2025-03-27T12:19:32
JSL,INE220G01021,27-03-2025,NSE,EQ,EQ,buy,FALSE,9,583.55,405291882,1.20E+15,2025-03-27T12:19:32
JSL,INE220G01021,27-03-2025,NSE,EQ,EQ,buy,FALSE,65,583.6,405291883,1.20E+15,2025-03-27T12:19:32
JSL,INE220G01021,27-03-2025,NSE,EQ,EQ,buy,FALSE,3,583.4,405291871,1.20E+15,2025-03-27T12:19:32
JSL,INE220G01021,27-03-2025,NSE,EQ,EQ,buy,FALSE,14,583.4,405291872,1.20E+15,2025-03-27T12:19:32
JSL,INE220G01021,27-03-2025,NSE,EQ,EQ,buy,FALSE,3,583.4,405291873,1.20E+15,2025-03-27T12:19:32
JSL,INE220G01021,27-03-2025,NSE,EQ,EQ,buy,FALSE,11,583.4,405291874,1.20E+15,2025-03-27T12:19:32
JSL,INE220G01021,27-03-2025,NSE,EQ,EQ,buy,FALSE,9,583.4,405291875,1.20E+15,2025-03-27T12:19:32
JSL,INE220G01021,27-03-2025,NSE,EQ,EQ,buy,FALSE,26,583.45,405291876,1.20E+15,2025-03-27T12:19:32
JSL,INE220G01021,27-03-2025,NSE,EQ,EQ,buy,FALSE,115,583.5,405291877,1.20E+15,2025-03-27T12:19:32
JSL,INE220G01021,27-03-2025,NSE,EQ,EQ,buy,FALSE,78,583.5,405291878,1.20E+15,2025-03-27T12:19:32
JSL,INE220G01021,27-03-2025,NSE,EQ,EQ,buy,FALSE,13,583.55,405291879,1.20E+15,2025-03-27T12:19:32
JSL,INE220G01021,27-03-2025,NSE,EQ,EQ,buy,FALSE,14,583.4,405291870,1.20E+15,2025-03-27T12:19:32
IIFLCAPS,INE489L01022,27-03-2025,NSE,EQ,EQ,buy,FALSE,109,223.61,204825920,1.10E+15,2025-03-27T12:19:46
IIFLCAPS,INE489L01022,27-03-2025,NSE,EQ,EQ,buy,FALSE,443,223.61,204825919,1.10E+15,2025-03-27T12:19:46
IRB,INE821I01022,27-03-2025,NSE,EQ,EQ,buy,FALSE,1,45.72,204831646,1.10E+15,2025-03-27T12:20:01
IRB,INE821I01022,27-03-2025,NSE,EQ,EQ,buy,FALSE,281,45.72,204831647,1.10E+15,2025-03-27T12:20:01
IRB,INE821I01022,27-03-2025,NSE,EQ,EQ,buy,FALSE,155,45.72,204831644,1.10E+15,2025-03-27T12:20:01
IRB,INE821I01022,27-03-2025,NSE,EQ,EQ,buy,FALSE,5,45.71,204831643,1.10E+15,2025-03-27T12:20:01
IRB,INE821I01022,27-03-2025,NSE,EQ,EQ,buy,FALSE,287,45.7,204831642,1.10E+15,2025-03-27T12:20:01
IRB,INE821I01022,27-03-2025,NSE,EQ,EQ,buy,FALSE,892,45.72,204831648,1.10E+15,2025-03-27T12:20:01
IRB,INE821I01022,27-03-2025,NSE,EQ,EQ,buy,FALSE,"1,321",45.72,204831645,1.10E+15,2025-03-27T12:20:01
FACT,INE188A01015,27-03-2025,NSE,EQ,EQ,buy,FALSE,5,642.15,204837809,1.10E+15,2025-03-27T12:20:19
FACT,INE188A01015,27-03-2025,NSE,EQ,EQ,buy,FALSE,16,641.65,204837790,1.10E+15,2025-03-27T12:20:19
FACT,INE188A01015,27-03-2025,NSE,EQ,EQ,buy,FALSE,13,641.7,204837791,1.10E+15,2025-03-27T12:20:19
FACT,INE188A01015,27-03-2025,NSE,EQ,EQ,buy,FALSE,16,641.75,204837792,1.10E+15,2025-03-27T12:20:19
FACT,INE188A01015,27-03-2025,NSE,EQ,EQ,buy,FALSE,4,641.8,204837793,1.10E+15,2025-03-27T12:20:19
FACT,INE188A01015,27-03-2025,NSE,EQ,EQ,buy,FALSE,1,641.85,204837794,1.10E+15,2025-03-27T12:20:19
FACT,INE188A01015,27-03-2025,NSE,EQ,EQ,buy,FALSE,16,641.85,204837795,1.10E+15,2025-03-27T12:20:19
FACT,INE188A01015,27-03-2025,NSE,EQ,EQ,buy,FALSE,1,641.85,204837796,1.10E+15,2025-03-27T12:20:19
FACT,INE188A01015,27-03-2025,NSE,EQ,EQ,buy,FALSE,2,641.85,204837797,1.10E+15,2025-03-27T12:20:19
FACT,INE188A01015,27-03-2025,NSE,EQ,EQ,buy,FALSE,1,641.95,204837798,1.10E+15,2025-03-27T12:20:19
FACT,INE188A01015,27-03-2025,NSE,EQ,EQ,buy,FALSE,4,641.95,204837799,1.10E+15,2025-03-27T12:20:19
FACT,INE188A01015,27-03-2025,NSE,EQ,EQ,buy,FALSE,1,641.95,204837800,1.10E+15,2025-03-27T12:20:19
FACT,INE188A01015,27-03-2025,NSE,EQ,EQ,buy,FALSE,4,641.95,204837801,1.10E+15,2025-03-27T12:20:19
FACT,INE188A01015,27-03-2025,NSE,EQ,EQ,buy,FALSE,1,641.95,204837802,1.10E+15,2025-03-27T12:20:19
FACT,INE188A01015,27-03-2025,NSE,EQ,EQ,buy,FALSE,7,641.95,204837803,1.10E+15,2025-03-27T12:20:19
FACT,INE188A01015,27-03-2025,NSE,EQ,EQ,buy,FALSE,36,642,204837804,1.10E+15,2025-03-27T12:20:19
FACT,INE188A01015,27-03-2025,NSE,EQ,EQ,buy,FALSE,15,642.05,204837805,1.10E+15,2025-03-27T12:20:19
FACT,INE188A01015,27-03-2025,NSE,EQ,EQ,buy,FALSE,13,642.1,204837806,1.10E+15,2025-03-27T12:20:19
FACT,INE188A01015,27-03-2025,NSE,EQ,EQ,buy,FALSE,2,642.15,204837807,1.10E+15,2025-03-27T12:20:19
FACT,INE188A01015,27-03-2025,NSE,EQ,EQ,buy,FALSE,15,642.15,204837808,1.10E+15,2025-03-27T12:20:19
FACT,INE188A01015,27-03-2025,NSE,EQ,EQ,buy,FALSE,4,642.15,204837810,1.10E+15,2025-03-27T12:20:19
FACT,INE188A01015,27-03-2025,NSE,EQ,EQ,buy,FALSE,2,642.15,204837811,1.10E+15,2025-03-27T12:20:19
FACT,INE188A01015,27-03-2025,NSE,EQ,EQ,buy,FALSE,2,642.15,204837812,1.10E+15,2025-03-27T12:20:19
FACT,INE188A01015,27-03-2025,NSE,EQ,EQ,buy,FALSE,4,642.15,204837813,1.10E+15,2025-03-27T12:20:19
FACT,INE188A01015,27-03-2025,NSE,EQ,EQ,buy,FALSE,2,642.15,204837814,1.10E+15,2025-03-27T12:20:19
FACT,INE188A01015,27-03-2025,NSE,EQ,EQ,buy,FALSE,4,642.15,204837815,1.10E+15,2025-03-27T12:20:19
FACT,INE188A01015,27-03-2025,NSE,EQ,EQ,buy,FALSE,2,642.15,204837816,1.10E+15,2025-03-27T12:20:19
FACT,INE188A01015,27-03-2025,NSE,EQ,EQ,buy,FALSE,3,642.15,204837817,1.10E+15,2025-03-27T12:20:19
FACT,INE188A01015,27-03-2025,NSE,EQ,EQ,buy,FALSE,1,642.15,204837818,1.10E+15,2025-03-27T12:20:19
FACT,INE188A01015,27-03-2025,NSE,EQ,EQ,buy,FALSE,15,642.25,204837819,1.10E+15,2025-03-27T12:20:19
FACT,INE188A01015,27-03-2025,NSE,EQ,EQ,buy,FALSE,14,642.3,204837820,1.10E+15,2025-03-27T12:20:19
FACT,INE188A01015,27-03-2025,NSE,EQ,EQ,buy,FALSE,1,642.35,204837821,1.10E+15,2025-03-27T12:20:19
FACT,INE188A01015,27-03-2025,NSE,EQ,EQ,buy,FALSE,4,642.35,204837822,1.10E+15,2025-03-27T12:20:19
FACT,INE188A01015,27-03-2025,NSE,EQ,EQ,buy,FALSE,5,642.35,204837823,1.10E+15,2025-03-27T12:20:19
FACT,INE188A01015,27-03-2025,NSE,EQ,EQ,buy,FALSE,1,642.35,204837824,1.10E+15,2025-03-27T12:20:19
FACT,INE188A01015,27-03-2025,NSE,EQ,EQ,buy,FALSE,4,642.35,204837825,1.10E+15,2025-03-27T12:20:19
FACT,INE188A01015,27-03-2025,NSE,EQ,EQ,buy,FALSE,2,642.35,204837826,1.10E+15,2025-03-27T12:20:19
FACT,INE188A01015,27-03-2025,NSE,EQ,EQ,buy,FALSE,1,642.35,204837827,1.10E+15,2025-03-27T12:20:19
FACT,INE188A01015,27-03-2025,NSE,EQ,EQ,buy,FALSE,4,642.35,204837828,1.10E+15,2025-03-27T12:20:19
FACT,INE188A01015,27-03-2025,NSE,EQ,EQ,buy,FALSE,1,642.35,204837829,1.10E+15,2025-03-27T12:20:19
FACT,INE188A01015,27-03-2025,NSE,EQ,EQ,buy,FALSE,3,642.35,204837830,1.10E+15,2025-03-27T12:20:19
FACT,INE188A01015,27-03-2025,NSE,EQ,EQ,buy,FALSE,16,642.45,204837831,1.10E+15,2025-03-27T12:20:19
FACT,INE188A01015,27-03-2025,NSE,EQ,EQ,buy,FALSE,4,642.45,204837832,1.10E+15,2025-03-27T12:20:19
FACT,INE188A01015,27-03-2025,NSE,EQ,EQ,buy,FALSE,16,642.45,204837833,1.10E+15,2025-03-27T12:20:19
FACT,INE188A01015,27-03-2025,NSE,EQ,EQ,buy,FALSE,35,642.45,204837839,1.10E+15,2025-03-27T12:20:19
FACT,INE188A01015,27-03-2025,NSE,EQ,EQ,buy,FALSE,4,642.45,204837834,1.10E+15,2025-03-27T12:20:19
FACT,INE188A01015,27-03-2025,NSE,EQ,EQ,buy,FALSE,16,642.45,204837835,1.10E+15,2025-03-27T12:20:19
FACT,INE188A01015,27-03-2025,NSE,EQ,EQ,buy,FALSE,4,642.45,204837836,1.10E+15,2025-03-27T12:20:19
FACT,INE188A01015,27-03-2025,NSE,EQ,EQ,buy,FALSE,16,642.45,204837837,1.10E+15,2025-03-27T12:20:19
FACT,INE188A01015,27-03-2025,NSE,EQ,EQ,buy,FALSE,3,642.45,204837838,1.10E+15,2025-03-27T12:20:19
NCC,INE868B01028,27-03-2025,NSE,EQ,EQ,buy,FALSE,480,210.1,405311425,1.20E+15,2025-03-27T12:20:35
SHARDAMOTR,INE597I01028,27-03-2025,NSE,EQ,EQ,buy,FALSE,1,"1,614.90",605051428,1.30E+15,2025-03-27T12:20:47
SHARDAMOTR,INE597I01028,27-03-2025,NSE,EQ,EQ,buy,FALSE,1,"1,615.30",605051444,1.30E+15,2025-03-27T12:20:47
SHARDAMOTR,INE597I01028,27-03-2025,NSE,EQ,EQ,buy,FALSE,1,"1,615.30",605051445,1.30E+15,2025-03-27T12:20:47
SHARDAMOTR,INE597I01028,27-03-2025,NSE,EQ,EQ,buy,FALSE,1,"1,615.30",605051446,1.30E+15,2025-03-27T12:20:47
SHARDAMOTR,INE597I01028,27-03-2025,NSE,EQ,EQ,buy,FALSE,1,"1,615.30",605051447,1.30E+15,2025-03-27T12:20:47
SHARDAMOTR,INE597I01028,27-03-2025,NSE,EQ,EQ,buy,FALSE,1,"1,615.30",605051448,1.30E+15,2025-03-27T12:20:47
SHARDAMOTR,INE597I01028,27-03-2025,NSE,EQ,EQ,buy,FALSE,3,"1,615.30",605051449,1.30E+15,2025-03-27T12:20:47
SHARDAMOTR,INE597I01028,27-03-2025,NSE,EQ,EQ,buy,FALSE,1,"1,613.75",605051404,1.30E+15,2025-03-27T12:20:47
SHARDAMOTR,INE597I01028,27-03-2025,NSE,EQ,EQ,buy,FALSE,2,"1,613.75",605051405,1.30E+15,2025-03-27T12:20:47
SHARDAMOTR,INE597I01028,27-03-2025,NSE,EQ,EQ,buy,FALSE,1,"1,613.75",605051406,1.30E+15,2025-03-27T12:20:47
SHARDAMOTR,INE597I01028,27-03-2025,NSE,EQ,EQ,buy,FALSE,1,"1,613.75",605051407,1.30E+15,2025-03-27T12:20:47
SHARDAMOTR,INE597I01028,27-03-2025,NSE,EQ,EQ,buy,FALSE,1,"1,613.75",605051408,1.30E+15,2025-03-27T12:20:47
SHARDAMOTR,INE597I01028,27-03-2025,NSE,EQ,EQ,buy,FALSE,1,"1,614.05",605051409,1.30E+15,2025-03-27T12:20:47
SHARDAMOTR,INE597I01028,27-03-2025,NSE,EQ,EQ,buy,FALSE,1,"1,614.10",605051410,1.30E+15,2025-03-27T12:20:47
SHARDAMOTR,INE597I01028,27-03-2025,NSE,EQ,EQ,buy,FALSE,1,"1,614.10",605051411,1.30E+15,2025-03-27T12:20:47
SHARDAMOTR,INE597I01028,27-03-2025,NSE,EQ,EQ,buy,FALSE,1,"1,614.15",605051412,1.30E+15,2025-03-27T12:20:47
SHARDAMOTR,INE597I01028,27-03-2025,NSE,EQ,EQ,buy,FALSE,1,"1,614.15",605051413,1.30E+15,2025-03-27T12:20:47
SHARDAMOTR,INE597I01028,27-03-2025,NSE,EQ,EQ,buy,FALSE,1,"1,614.15",605051414,1.30E+15,2025-03-27T12:20:47
SHARDAMOTR,INE597I01028,27-03-2025,NSE,EQ,EQ,buy,FALSE,1,"1,614.25",605051415,1.30E+15,2025-03-27T12:20:47
SHARDAMOTR,INE597I01028,27-03-2025,NSE,EQ,EQ,buy,FALSE,7,"1,614.30",605051416,1.30E+15,2025-03-27T12:20:47
SHARDAMOTR,INE597I01028,27-03-2025,NSE,EQ,EQ,buy,FALSE,1,"1,614.45",605051417,1.30E+15,2025-03-27T12:20:47
SHARDAMOTR,INE597I01028,27-03-2025,NSE,EQ,EQ,buy,FALSE,1,"1,614.50",605051418,1.30E+15,2025-03-27T12:20:47
SHARDAMOTR,INE597I01028,27-03-2025,NSE,EQ,EQ,buy,FALSE,1,"1,614.50",605051419,1.30E+15,2025-03-27T12:20:47
SHARDAMOTR,INE597I01028,27-03-2025,NSE,EQ,EQ,buy,FALSE,2,"1,614.50",605051420,1.30E+15,2025-03-27T12:20:47
SHARDAMOTR,INE597I01028,27-03-2025,NSE,EQ,EQ,buy,FALSE,7,"1,614.60",605051421,1.30E+15,2025-03-27T12:20:47
SHARDAMOTR,INE597I01028,27-03-2025,NSE,EQ,EQ,buy,FALSE,1,"1,614.65",605051422,1.30E+15,2025-03-27T12:20:47
SHARDAMOTR,INE597I01028,27-03-2025,NSE,EQ,EQ,buy,FALSE,1,"1,614.70",605051423,1.30E+15,2025-03-27T12:20:47
SHARDAMOTR,INE597I01028,27-03-2025,NSE,EQ,EQ,buy,FALSE,7,"1,614.70",605051424,1.30E+15,2025-03-27T12:20:47
SHARDAMOTR,INE597I01028,27-03-2025,NSE,EQ,EQ,buy,FALSE,5,"1,614.75",605051425,1.30E+15,2025-03-27T12:20:47
SHARDAMOTR,INE597I01028,27-03-2025,NSE,EQ,EQ,buy,FALSE,1,"1,614.85",605051426,1.30E+15,2025-03-27T12:20:47
SHARDAMOTR,INE597I01028,27-03-2025,NSE,EQ,EQ,buy,FALSE,2,"1,614.85",605051427,1.30E+15,2025-03-27T12:20:47
SHARDAMOTR,INE597I01028,27-03-2025,NSE,EQ,EQ,buy,FALSE,1,"1,614.90",605051429,1.30E+15,2025-03-27T12:20:47
SHARDAMOTR,INE597I01028,27-03-2025,NSE,EQ,EQ,buy,FALSE,1,"1,614.90",605051430,1.30E+15,2025-03-27T12:20:47
SHARDAMOTR,INE597I01028,27-03-2025,NSE,EQ,EQ,buy,FALSE,2,"1,614.95",605051431,1.30E+15,2025-03-27T12:20:47
SHARDAMOTR,INE597I01028,27-03-2025,NSE,EQ,EQ,buy,FALSE,2,"1,614.95",605051432,1.30E+15,2025-03-27T12:20:47
SHARDAMOTR,INE597I01028,27-03-2025,NSE,EQ,EQ,buy,FALSE,5,"1,614.95",605051433,1.30E+15,2025-03-27T12:20:47
SHARDAMOTR,INE597I01028,27-03-2025,NSE,EQ,EQ,buy,FALSE,2,"1,615",605051434,1.30E+15,2025-03-27T12:20:47
SHARDAMOTR,INE597I01028,27-03-2025,NSE,EQ,EQ,buy,FALSE,1,"1,615.05",605051435,1.30E+15,2025-03-27T12:20:47
SHARDAMOTR,INE597I01028,27-03-2025,NSE,EQ,EQ,buy,FALSE,1,"1,615.10",605051436,1.30E+15,2025-03-27T12:20:47
SHARDAMOTR,INE597I01028,27-03-2025,NSE,EQ,EQ,buy,FALSE,1,"1,615.15",605051437,1.30E+15,2025-03-27T12:20:47
SHARDAMOTR,INE597I01028,27-03-2025,NSE,EQ,EQ,buy,FALSE,1,"1,615.15",605051438,1.30E+15,2025-03-27T12:20:47
SHARDAMOTR,INE597I01028,27-03-2025,NSE,EQ,EQ,buy,FALSE,7,"1,615.20",605051439,1.30E+15,2025-03-27T12:20:47
SHARDAMOTR,INE597I01028,27-03-2025,NSE,EQ,EQ,buy,FALSE,1,"1,615.25",605051440,1.30E+15,2025-03-27T12:20:47
SHARDAMOTR,INE597I01028,27-03-2025,NSE,EQ,EQ,buy,FALSE,1,"1,615.30",605051441,1.30E+15,2025-03-27T12:20:47
SHARDAMOTR,INE597I01028,27-03-2025,NSE,EQ,EQ,buy,FALSE,1,"1,615.30",605051442,1.30E+15,2025-03-27T12:20:47
SHARDAMOTR,INE597I01028,27-03-2025,NSE,EQ,EQ,buy,FALSE,1,"1,615.30",605051443,1.30E+15,2025-03-27T12:20:47
KEC,INE389H01022,27-03-2025,NSE,EQ,EQ,buy,FALSE,2,762.75,405318999,1.20E+15,2025-03-27T12:21:00
KEC,INE389H01022,27-03-2025,NSE,EQ,EQ,buy,FALSE,25,763,405319000,1.20E+15,2025-03-27T12:21:00
KEC,INE389H01022,27-03-2025,NSE,EQ,EQ,buy,FALSE,4,763.1,405319001,1.20E+15,2025-03-27T12:21:00
KEC,INE389H01022,27-03-2025,NSE,EQ,EQ,buy,FALSE,11,763.15,405319002,1.20E+15,2025-03-27T12:21:00
KEC,INE389H01022,27-03-2025,NSE,EQ,EQ,buy,FALSE,74,763.25,405319003,1.20E+15,2025-03-27T12:21:00
KEC,INE389H01022,27-03-2025,NSE,EQ,EQ,buy,FALSE,19,763.25,405319004,1.20E+15,2025-03-27T12:21:00
KEC,INE389H01022,27-03-2025,NSE,EQ,EQ,buy,FALSE,3,763.3,405319005,1.20E+15,2025-03-27T12:21:00
KEC,INE389H01022,27-03-2025,NSE,EQ,EQ,buy,FALSE,4,763.3,405319006,1.20E+15,2025-03-27T12:21:00
KEC,INE389H01022,27-03-2025,NSE,EQ,EQ,buy,FALSE,8,763.3,405319007,1.20E+15,2025-03-27T12:21:00
KEC,INE389H01022,27-03-2025,NSE,EQ,EQ,buy,FALSE,38,763.3,405319008,1.20E+15,2025-03-27T12:21:00
RTNINDIA,INE834M01019,27-03-2025,NSE,EQ,EQ,buy,FALSE,1,41.54,605058090,1.30E+15,2025-03-27T12:21:12
RTNINDIA,INE834M01019,27-03-2025,NSE,EQ,EQ,buy,FALSE,18,41.56,605058099,1.30E+15,2025-03-27T12:21:12
RTNINDIA,INE834M01019,27-03-2025,NSE,EQ,EQ,buy,FALSE,48,41.56,605058101,1.30E+15,2025-03-27T12:21:12
RTNINDIA,INE834M01019,27-03-2025,NSE,EQ,EQ,buy,FALSE,3,41.56,605058102,1.30E+15,2025-03-27T12:21:12
RTNINDIA,INE834M01019,27-03-2025,NSE,EQ,EQ,buy,FALSE,18,41.56,605058103,1.30E+15,2025-03-27T12:21:12
RTNINDIA,INE834M01019,27-03-2025,NSE,EQ,EQ,buy,FALSE,36,41.56,605058104,1.30E+15,2025-03-27T12:21:12
RTNINDIA,INE834M01019,27-03-2025,NSE,EQ,EQ,buy,FALSE,48,41.56,605058105,1.30E+15,2025-03-27T12:21:12
RTNINDIA,INE834M01019,27-03-2025,NSE,EQ,EQ,buy,FALSE,18,41.56,605058106,1.30E+15,2025-03-27T12:21:12
RTNINDIA,INE834M01019,27-03-2025,NSE,EQ,EQ,buy,FALSE,3,41.56,605058107,1.30E+15,2025-03-27T12:21:12
RTNINDIA,INE834M01019,27-03-2025,NSE,EQ,EQ,buy,FALSE,36,41.56,605058100,1.30E+15,2025-03-27T12:21:12
RTNINDIA,INE834M01019,27-03-2025,NSE,EQ,EQ,buy,FALSE,2,41.55,605058091,1.30E+15,2025-03-27T12:21:12
RTNINDIA,INE834M01019,27-03-2025,NSE,EQ,EQ,buy,FALSE,389,41.55,605058092,1.30E+15,2025-03-27T12:21:12
RTNINDIA,INE834M01019,27-03-2025,NSE,EQ,EQ,buy,FALSE,18,41.56,605058093,1.30E+15,2025-03-27T12:21:12
RTNINDIA,INE834M01019,27-03-2025,NSE,EQ,EQ,buy,FALSE,1,41.56,605058094,1.30E+15,2025-03-27T12:21:12
RTNINDIA,INE834M01019,27-03-2025,NSE,EQ,EQ,buy,FALSE,402,41.56,605058095,1.30E+15,2025-03-27T12:21:12
RTNINDIA,INE834M01019,27-03-2025,NSE,EQ,EQ,buy,FALSE,36,41.56,605058096,1.30E+15,2025-03-27T12:21:12
RTNINDIA,INE834M01019,27-03-2025,NSE,EQ,EQ,buy,FALSE,48,41.56,605058097,1.30E+15,2025-03-27T12:21:12
RTNINDIA,INE834M01019,27-03-2025,NSE,EQ,EQ,buy,FALSE,101,41.56,605058098,1.30E+15,2025-03-27T12:21:12
PRESTIGE,INE811K01011,27-03-2025,NSE,EQ,EQ,buy,FALSE,1,"1,196.85",405324858,1.20E+15,2025-03-27T12:21:22
PRESTIGE,INE811K01011,27-03-2025,NSE,EQ,EQ,buy,FALSE,3,"1,196.85",405324859,1.20E+15,2025-03-27T12:21:22
PRESTIGE,INE811K01011,27-03-2025,NSE,EQ,EQ,buy,FALSE,2,"1,196.85",405324860,1.20E+15,2025-03-27T12:21:22
PRESTIGE,INE811K01011,27-03-2025,NSE,EQ,EQ,buy,FALSE,2,"1,196.85",405324861,1.20E+15,2025-03-27T12:21:22
PRESTIGE,INE811K01011,27-03-2025,NSE,EQ,EQ,buy,FALSE,1,"1,196.85",405324862,1.20E+15,2025-03-27T12:21:22
PRESTIGE,INE811K01011,27-03-2025,NSE,EQ,EQ,buy,FALSE,1,"1,196.85",405324863,1.20E+15,2025-03-27T12:21:22
PRESTIGE,INE811K01011,27-03-2025,NSE,EQ,EQ,buy,FALSE,3,"1,196.85",405324864,1.20E+15,2025-03-27T12:21:22
PRESTIGE,INE811K01011,27-03-2025,NSE,EQ,EQ,buy,FALSE,2,"1,196.85",405324865,1.20E+15,2025-03-27T12:21:22
PRESTIGE,INE811K01011,27-03-2025,NSE,EQ,EQ,buy,FALSE,2,"1,196.85",405324866,1.20E+15,2025-03-27T12:21:22
PRESTIGE,INE811K01011,27-03-2025,NSE,EQ,EQ,buy,FALSE,1,"1,196.85",405324867,1.20E+15,2025-03-27T12:21:22
PRESTIGE,INE811K01011,27-03-2025,NSE,EQ,EQ,buy,FALSE,1,"1,196.85",405324868,1.20E+15,2025-03-27T12:21:22
PRESTIGE,INE811K01011,27-03-2025,NSE,EQ,EQ,buy,FALSE,3,"1,196.85",405324869,1.20E+15,2025-03-27T12:21:22
PRESTIGE,INE811K01011,27-03-2025,NSE,EQ,EQ,buy,FALSE,2,"1,196.85",405324870,1.20E+15,2025-03-27T12:21:22
PRESTIGE,INE811K01011,27-03-2025,NSE,EQ,EQ,buy,FALSE,2,"1,196.85",405324871,1.20E+15,2025-03-27T12:21:22
PRESTIGE,INE811K01011,27-03-2025,NSE,EQ,EQ,buy,FALSE,1,"1,196.85",405324872,1.20E+15,2025-03-27T12:21:22
PRESTIGE,INE811K01011,27-03-2025,NSE,EQ,EQ,buy,FALSE,1,"1,196.85",405324873,1.20E+15,2025-03-27T12:21:22
PRESTIGE,INE811K01011,27-03-2025,NSE,EQ,EQ,buy,FALSE,3,"1,196.85",405324874,1.20E+15,2025-03-27T12:21:22
PRESTIGE,INE811K01011,27-03-2025,NSE,EQ,EQ,buy,FALSE,2,"1,196.85",405324875,1.20E+15,2025-03-27T12:21:22
PRESTIGE,INE811K01011,27-03-2025,NSE,EQ,EQ,buy,FALSE,2,"1,196.85",405324876,1.20E+15,2025-03-27T12:21:22
PRESTIGE,INE811K01011,27-03-2025,NSE,EQ,EQ,buy,FALSE,1,"1,196.85",405324877,1.20E+15,2025-03-27T12:21:22
PRESTIGE,INE811K01011,27-03-2025,NSE,EQ,EQ,buy,FALSE,1,"1,196.85",405324878,1.20E+15,2025-03-27T12:21:22
PRESTIGE,INE811K01011,27-03-2025,NSE,EQ,EQ,buy,FALSE,3,"1,196.85",405324879,1.20E+15,2025-03-27T12:21:22
PRESTIGE,INE811K01011,27-03-2025,NSE,EQ,EQ,buy,FALSE,2,"1,196.85",405324880,1.20E+15,2025-03-27T12:21:22
PRESTIGE,INE811K01011,27-03-2025,NSE,EQ,EQ,buy,FALSE,2,"1,196.85",405324881,1.20E+15,2025-03-27T12:21:22
PRESTIGE,INE811K01011,27-03-2025,NSE,EQ,EQ,buy,FALSE,1,"1,196.85",405324882,1.20E+15,2025-03-27T12:21:22
PRESTIGE,INE811K01011,27-03-2025,NSE,EQ,EQ,buy,FALSE,1,"1,196.85",405324883,1.20E+15,2025-03-27T12:21:22
PRESTIGE,INE811K01011,27-03-2025,NSE,EQ,EQ,buy,FALSE,3,"1,196.85",405324884,1.20E+15,2025-03-27T12:21:22
PRESTIGE,INE811K01011,27-03-2025,NSE,EQ,EQ,buy,FALSE,2,"1,196.85",405324885,1.20E+15,2025-03-27T12:21:22
PRESTIGE,INE811K01011,27-03-2025,NSE,EQ,EQ,buy,FALSE,2,"1,196.85",405324886,1.20E+15,2025-03-27T12:21:22
PRESTIGE,INE811K01011,27-03-2025,NSE,EQ,EQ,buy,FALSE,1,"1,196.85",405324887,1.20E+15,2025-03-27T12:21:22
PRESTIGE,INE811K01011,27-03-2025,NSE,EQ,EQ,buy,FALSE,1,"1,196.85",405324888,1.20E+15,2025-03-27T12:21:22
PRESTIGE,INE811K01011,27-03-2025,NSE,EQ,EQ,buy,FALSE,11,"1,197.30",405324905,1.20E+15,2025-03-27T12:21:22
PRESTIGE,INE811K01011,27-03-2025,NSE,EQ,EQ,buy,FALSE,7,"1,197.30",405324904,1.20E+15,2025-03-27T12:21:22
PRESTIGE,INE811K01011,27-03-2025,NSE,EQ,EQ,buy,FALSE,2,"1,197.30",405324903,1.20E+15,2025-03-27T12:21:22
PRESTIGE,INE811K01011,27-03-2025,NSE,EQ,EQ,buy,FALSE,1,"1,197.25",405324902,1.20E+15,2025-03-27T12:21:22
PRESTIGE,INE811K01011,27-03-2025,NSE,EQ,EQ,buy,FALSE,1,"1,197.25",405324901,1.20E+15,2025-03-27T12:21:22
PRESTIGE,INE811K01011,27-03-2025,NSE,EQ,EQ,buy,FALSE,1,"1,197.20",405324900,1.20E+15,2025-03-27T12:21:22
PRESTIGE,INE811K01011,27-03-2025,NSE,EQ,EQ,buy,FALSE,10,"1,197.05",405324899,1.20E+15,2025-03-27T12:21:22
PRESTIGE,INE811K01011,27-03-2025,NSE,EQ,EQ,buy,FALSE,1,"1,197.05",405324898,1.20E+15,2025-03-27T12:21:22
PRESTIGE,INE811K01011,27-03-2025,NSE,EQ,EQ,buy,FALSE,4,"1,196.95",405324897,1.20E+15,2025-03-27T12:21:22
PRESTIGE,INE811K01011,27-03-2025,NSE,EQ,EQ,buy,FALSE,1,"1,196.85",405324896,1.20E+15,2025-03-27T12:21:22
PRESTIGE,INE811K01011,27-03-2025,NSE,EQ,EQ,buy,FALSE,1,"1,196.85",405324895,1.20E+15,2025-03-27T12:21:22
PRESTIGE,INE811K01011,27-03-2025,NSE,EQ,EQ,buy,FALSE,2,"1,196.85",405324894,1.20E+15,2025-03-27T12:21:22
PRESTIGE,INE811K01011,27-03-2025,NSE,EQ,EQ,buy,FALSE,2,"1,196.85",405324893,1.20E+15,2025-03-27T12:21:22
PRESTIGE,INE811K01011,27-03-2025,NSE,EQ,EQ,buy,FALSE,1,"1,196.85",405324892,1.20E+15,2025-03-27T12:21:22
PRESTIGE,INE811K01011,27-03-2025,NSE,EQ,EQ,buy,FALSE,2,"1,196.85",405324891,1.20E+15,2025-03-27T12:21:22
PRESTIGE,INE811K01011,27-03-2025,NSE,EQ,EQ,buy,FALSE,2,"1,196.85",405324890,1.20E+15,2025-03-27T12:21:22
PRESTIGE,INE811K01011,27-03-2025,NSE,EQ,EQ,buy,FALSE,1,"1,196.85",405324889,1.20E+15,2025-03-27T12:21:22
PRESTIGE,INE811K01011,27-03-2025,NSE,EQ,EQ,buy,FALSE,2,"1,197.35",405324906,1.20E+15,2025-03-27T12:21:22
PRESTIGE,INE811K01011,27-03-2025,NSE,EQ,EQ,buy,FALSE,17,"1,197.35",405324907,1.20E+15,2025-03-27T12:21:22
PRESTIGE,INE811K01011,27-03-2025,NSE,EQ,EQ,buy,FALSE,4,"1,197.40",405324908,1.20E+15,2025-03-27T12:21:22
MSTCLTD,INE255X01014,27-03-2025,NSE,EQ,EQ,buy,FALSE,1,509.65,405330644,1.20E+15,2025-03-27T12:21:42
MSTCLTD,INE255X01014,27-03-2025,NSE,EQ,EQ,buy,FALSE,15,509.65,405330632,1.20E+15,2025-03-27T12:21:42
MSTCLTD,INE255X01014,27-03-2025,NSE,EQ,EQ,buy,FALSE,7,509.65,405330633,1.20E+15,2025-03-27T12:21:42
MSTCLTD,INE255X01014,27-03-2025,NSE,EQ,EQ,buy,FALSE,2,509.65,405330634,1.20E+15,2025-03-27T12:21:42
MSTCLTD,INE255X01014,27-03-2025,NSE,EQ,EQ,buy,FALSE,2,509.65,405330635,1.20E+15,2025-03-27T12:21:42
MSTCLTD,INE255X01014,27-03-2025,NSE,EQ,EQ,buy,FALSE,7,509.65,405330636,1.20E+15,2025-03-27T12:21:42
MSTCLTD,INE255X01014,27-03-2025,NSE,EQ,EQ,buy,FALSE,2,509.65,405330637,1.20E+15,2025-03-27T12:21:42
MSTCLTD,INE255X01014,27-03-2025,NSE,EQ,EQ,buy,FALSE,2,509.65,405330638,1.20E+15,2025-03-27T12:21:42
MSTCLTD,INE255X01014,27-03-2025,NSE,EQ,EQ,buy,FALSE,1,509.65,405330639,1.20E+15,2025-03-27T12:21:42
MSTCLTD,INE255X01014,27-03-2025,NSE,EQ,EQ,buy,FALSE,2,509.65,405330640,1.20E+15,2025-03-27T12:21:42
MSTCLTD,INE255X01014,27-03-2025,NSE,EQ,EQ,buy,FALSE,2,509.65,405330641,1.20E+15,2025-03-27T12:21:42
MSTCLTD,INE255X01014,27-03-2025,NSE,EQ,EQ,buy,FALSE,2,509.65,405330642,1.20E+15,2025-03-27T12:21:42
MSTCLTD,INE255X01014,27-03-2025,NSE,EQ,EQ,buy,FALSE,2,509.65,405330643,1.20E+15,2025-03-27T12:21:42
MSTCLTD,INE255X01014,27-03-2025,NSE,EQ,EQ,buy,FALSE,1,509.65,405330645,1.20E+15,2025-03-27T12:21:42
MSTCLTD,INE255X01014,27-03-2025,NSE,EQ,EQ,buy,FALSE,15,509.7,405330646,1.20E+15,2025-03-27T12:21:42
MSTCLTD,INE255X01014,27-03-2025,NSE,EQ,EQ,buy,FALSE,36,509.75,405330647,1.20E+15,2025-03-27T12:21:42
MSTCLTD,INE255X01014,27-03-2025,NSE,EQ,EQ,buy,FALSE,13,509.75,405330648,1.20E+15,2025-03-27T12:21:42
BANCOINDIA,INE213C01025,27-03-2025,NSE,EQ,EQ,buy,FALSE,4,344,4182398,1.00E+15,2025-03-27T12:22:03
BANCOINDIA,INE213C01025,27-03-2025,NSE,EQ,EQ,buy,FALSE,4,344,4182400,1.00E+15,2025-03-27T12:22:03
BANCOINDIA,INE213C01025,27-03-2025,NSE,EQ,EQ,buy,FALSE,2,344,4182399,1.00E+15,2025-03-27T12:22:03
BANCOINDIA,INE213C01025,27-03-2025,NSE,EQ,EQ,buy,FALSE,1,343.85,4182388,1.00E+15,2025-03-27T12:22:03
BANCOINDIA,INE213C01025,27-03-2025,NSE,EQ,EQ,buy,FALSE,13,343.85,4182389,1.00E+15,2025-03-27T12:22:03
BANCOINDIA,INE213C01025,27-03-2025,NSE,EQ,EQ,buy,FALSE,5,343.9,4182390,1.00E+15,2025-03-27T12:22:03
BANCOINDIA,INE213C01025,27-03-2025,NSE,EQ,EQ,buy,FALSE,14,343.95,4182391,1.00E+15,2025-03-27T12:22:03
BANCOINDIA,INE213C01025,27-03-2025,NSE,EQ,EQ,buy,FALSE,18,343.95,4182392,1.00E+15,2025-03-27T12:22:03
BANCOINDIA,INE213C01025,27-03-2025,NSE,EQ,EQ,buy,FALSE,2,344,4182393,1.00E+15,2025-03-27T12:22:03
BANCOINDIA,INE213C01025,27-03-2025,NSE,EQ,EQ,buy,FALSE,16,344,4182394,1.00E+15,2025-03-27T12:22:03
BANCOINDIA,INE213C01025,27-03-2025,NSE,EQ,EQ,buy,FALSE,4,344,4182395,1.00E+15,2025-03-27T12:22:03
BANCOINDIA,INE213C01025,27-03-2025,NSE,EQ,EQ,buy,FALSE,7,344,4182396,1.00E+15,2025-03-27T12:22:03
BANCOINDIA,INE213C01025,27-03-2025,NSE,EQ,EQ,buy,FALSE,2,344,4182397,1.00E+15,2025-03-27T12:22:03
BANCOINDIA,INE213C01025,27-03-2025,NSE,EQ,EQ,buy,FALSE,12,344,4182408,1.00E+15,2025-03-27T12:22:03
BANCOINDIA,INE213C01025,27-03-2025,NSE,EQ,EQ,buy,FALSE,31,344.05,4182409,1.00E+15,2025-03-27T12:22:03
BANCOINDIA,INE213C01025,27-03-2025,NSE,EQ,EQ,buy,FALSE,7,344.1,4182412,1.00E+15,2025-03-27T12:22:03
BANCOINDIA,INE213C01025,27-03-2025,NSE,EQ,EQ,buy,FALSE,2,344.1,4182411,1.00E+15,2025-03-27T12:22:03
BANCOINDIA,INE213C01025,27-03-2025,NSE,EQ,EQ,buy,FALSE,2,344,4182405,1.00E+15,2025-03-27T12:22:03
BANCOINDIA,INE213C01025,27-03-2025,NSE,EQ,EQ,buy,FALSE,17,344.05,4182410,1.00E+15,2025-03-27T12:22:03
BANCOINDIA,INE213C01025,27-03-2025,NSE,EQ,EQ,buy,FALSE,4,344,4182406,1.00E+15,2025-03-27T12:22:03
BANCOINDIA,INE213C01025,27-03-2025,NSE,EQ,EQ,buy,FALSE,1,344,4182407,1.00E+15,2025-03-27T12:22:03
BANCOINDIA,INE213C01025,27-03-2025,NSE,EQ,EQ,buy,FALSE,2,344,4182401,1.00E+15,2025-03-27T12:22:03
BANCOINDIA,INE213C01025,27-03-2025,NSE,EQ,EQ,buy,FALSE,4,344,4182402,1.00E+15,2025-03-27T12:22:03
BANCOINDIA,INE213C01025,27-03-2025,NSE,EQ,EQ,buy,FALSE,2,344,4182403,1.00E+15,2025-03-27T12:22:03
BANCOINDIA,INE213C01025,27-03-2025,NSE,EQ,EQ,buy,FALSE,4,344,4182404,1.00E+15,2025-03-27T12:22:03
SWANENERGY,INE665A01038,27-03-2025,BSE,EQ,A,sell,FALSE,146,421.6,3847100,1.74E+18,2025-03-27T12:22:59
WABAG,INE956G01038,27-03-2025,NSE,EQ,EQ,sell,FALSE,1,"1,444.60",605091061,1.30E+15,2025-03-27T12:23:09
WABAG,INE956G01038,27-03-2025,NSE,EQ,EQ,sell,FALSE,1,"1,444.90",605091059,1.30E+15,2025-03-27T12:23:09
WABAG,INE956G01038,27-03-2025,NSE,EQ,EQ,sell,FALSE,10,"1,444.65",605091060,1.30E+15,2025-03-27T12:23:09
WABAG,INE956G01038,27-03-2025,NSE,EQ,EQ,sell,FALSE,1,"1,444.60",605091062,1.30E+15,2025-03-27T12:23:09
WABAG,INE956G01038,27-03-2025,NSE,EQ,EQ,sell,FALSE,1,"1,444.45",605091063,1.30E+15,2025-03-27T12:23:09
WABAG,INE956G01038,27-03-2025,NSE,EQ,EQ,sell,FALSE,8,"1,444.45",605091064,1.30E+15,2025-03-27T12:23:09
WABAG,INE956G01038,27-03-2025,NSE,EQ,EQ,sell,FALSE,2,"1,444.45",605091065,1.30E+15,2025-03-27T12:23:09
WABAG,INE956G01038,27-03-2025,NSE,EQ,EQ,sell,FALSE,1,"1,444.25",605091066,1.30E+15,2025-03-27T12:23:09
WABAG,INE956G01038,27-03-2025,NSE,EQ,EQ,sell,FALSE,1,"1,444.25",605091067,1.30E+15,2025-03-27T12:23:09
WABAG,INE956G01038,27-03-2025,NSE,EQ,EQ,sell,FALSE,3,"1,444.25",605091068,1.30E+15,2025-03-27T12:23:09
WABAG,INE956G01038,27-03-2025,NSE,EQ,EQ,sell,FALSE,1,"1,444.25",605091069,1.30E+15,2025-03-27T12:23:09
WABAG,INE956G01038,27-03-2025,NSE,EQ,EQ,sell,FALSE,1,"1,444.25",605091070,1.30E+15,2025-03-27T12:23:09
WABAG,INE956G01038,27-03-2025,NSE,EQ,EQ,sell,FALSE,1,"1,444.25",605091071,1.30E+15,2025-03-27T12:23:09
WABAG,INE956G01038,27-03-2025,NSE,EQ,EQ,sell,FALSE,3,"1,444.25",605091072,1.30E+15,2025-03-27T12:23:09
WABAG,INE956G01038,27-03-2025,NSE,EQ,EQ,sell,FALSE,4,"1,444.20",605091073,1.30E+15,2025-03-27T12:23:09
WABAG,INE956G01038,27-03-2025,NSE,EQ,EQ,sell,FALSE,3,"1,444.20",605091074,1.30E+15,2025-03-27T12:23:09
WABAG,INE956G01038,27-03-2025,NSE,EQ,EQ,sell,FALSE,1,"1,444.15",605091075,1.30E+15,2025-03-27T12:23:09
WABAG,INE956G01038,27-03-2025,NSE,EQ,EQ,sell,FALSE,12,"1,444.15",605091076,1.30E+15,2025-03-27T12:23:09
WABAG,INE956G01038,27-03-2025,NSE,EQ,EQ,sell,FALSE,3,"1,444.15",605091077,1.30E+15,2025-03-27T12:23:09
WABAG,INE956G01038,27-03-2025,NSE,EQ,EQ,sell,FALSE,6,"1,444.10",605091078,1.30E+15,2025-03-27T12:23:09
WABAG,INE956G01038,27-03-2025,NSE,EQ,EQ,sell,FALSE,9,"1,444.10",605091079,1.30E+15,2025-03-27T12:23:09
WABAG,INE956G01038,27-03-2025,NSE,EQ,EQ,sell,FALSE,5,"1,444.10",605091080,1.30E+15,2025-03-27T12:23:09
BAJAJ-AUTO,INE917I01010,27-03-2025,NSE,EQ,EQ,sell,FALSE,9,"8,006",4208084,1.00E+15,2025-03-27T12:23:24
ASTRAMICRO,INE386C01029,27-03-2025,BSE,EQ,A,sell,FALSE,8,680.7,9049100,1.74E+18,2025-03-27T12:23:33
ASTRAMICRO,INE386C01029,27-03-2025,BSE,EQ,A,sell,FALSE,4,680.65,9049300,1.74E+18,2025-03-27T12:23:33
ASTRAMICRO,INE386C01029,27-03-2025,BSE,EQ,A,sell,FALSE,250,681.15,9047100,1.74E+18,2025-03-27T12:23:33
ASTRAMICRO,INE386C01029,27-03-2025,BSE,EQ,A,sell,FALSE,6,680.95,9047500,1.74E+18,2025-03-27T12:23:33
ASTRAMICRO,INE386C01029,27-03-2025,BSE,EQ,A,sell,FALSE,43,680.9,9047700,1.74E+18,2025-03-27T12:23:33
ASTRAMICRO,INE386C01029,27-03-2025,BSE,EQ,A,sell,FALSE,10,680.85,9048000,1.74E+18,2025-03-27T12:23:33
ASTRAMICRO,INE386C01029,27-03-2025,BSE,EQ,A,sell,FALSE,60,680.8,9048600,1.74E+18,2025-03-27T12:23:33
ASTRAMICRO,INE386C01029,27-03-2025,BSE,EQ,A,sell,FALSE,7,680.75,9048900,1.74E+18,2025-03-27T12:23:33
ADANIPOWER,INE814H01011,27-03-2025,NSE,EQ,EQ,sell,FALSE,26,500.2,4213356,1.00E+15,2025-03-27T12:23:42
ADANIPOWER,INE814H01011,27-03-2025,NSE,EQ,EQ,sell,FALSE,1,500.25,4213355,1.00E+15,2025-03-27T12:23:42
ADANIPOWER,INE814H01011,27-03-2025,NSE,EQ,EQ,sell,FALSE,300,500.25,4213353,1.00E+15,2025-03-27T12:23:42
ADANIPOWER,INE814H01011,27-03-2025,NSE,EQ,EQ,sell,FALSE,5,500.25,4213354,1.00E+15,2025-03-27T12:23:42
JPPOWER,INE351F01018,27-03-2025,BSE,EQ,A,sell,FALSE,"4,562",14.16,7397900,1.74E+18,2025-03-27T12:23:51
JPPOWER,INE351F01018,27-03-2025,BSE,EQ,A,sell,FALSE,402,14.17,7397400,1.74E+18,2025-03-27T12:23:51
DLF,INE271C01023,27-03-2025,NSE,EQ,EQ,sell,FALSE,100,680.3,204900289,1.10E+15,2025-03-27T12:24:05
DLF,INE271C01023,27-03-2025,NSE,EQ,EQ,sell,FALSE,8,680.2,204900290,1.10E+15,2025-03-27T12:24:05
HBLENGINE,INE292B01021,27-03-2025,BSE,EQ,A,sell,FALSE,145,465.75,5370400,1.74E+18,2025-03-27T12:24:25
HBLENGINE,INE292B01021,27-03-2025,BSE,EQ,A,sell,FALSE,2,466.1,5369900,1.74E+18,2025-03-27T12:24:25
HBLENGINE,INE292B01021,27-03-2025,BSE,EQ,A,sell,FALSE,13,465.9,5370100,1.74E+18,2025-03-27T12:24:25
TATAPOWER,INE245A01021,27-03-2025,NSE,EQ,EQ,sell,FALSE,93,378.65,605115394,1.30E+15,2025-03-27T12:24:36
TATAPOWER,INE245A01021,27-03-2025,NSE,EQ,EQ,sell,FALSE,246,378.6,605115395,1.30E+15,2025-03-27T12:24:36
FIEMIND,INE737H01014,27-03-2025,NSE,EQ,EQ,sell,FALSE,1,"1,441.50",204912068,1.10E+15,2025-03-27T12:24:47
FIEMIND,INE737H01014,27-03-2025,NSE,EQ,EQ,sell,FALSE,1,"1,441.50",204912069,1.10E+15,2025-03-27T12:24:47
FIEMIND,INE737H01014,27-03-2025,NSE,EQ,EQ,sell,FALSE,1,"1,441.50",204912070,1.10E+15,2025-03-27T12:24:47
FIEMIND,INE737H01014,27-03-2025,NSE,EQ,EQ,sell,FALSE,5,"1,441.50",204912071,1.10E+15,2025-03-27T12:24:47
FIEMIND,INE737H01014,27-03-2025,NSE,EQ,EQ,sell,FALSE,4,"1,441.40",204912072,1.10E+15,2025-03-27T12:24:47
FIEMIND,INE737H01014,27-03-2025,NSE,EQ,EQ,sell,FALSE,1,"1,441.35",204912073,1.10E+15,2025-03-27T12:24:47
FIEMIND,INE737H01014,27-03-2025,NSE,EQ,EQ,sell,FALSE,1,"1,441.35",204912074,1.10E+15,2025-03-27T12:24:47
FIEMIND,INE737H01014,27-03-2025,NSE,EQ,EQ,sell,FALSE,1,"1,441.35",204912075,1.10E+15,2025-03-27T12:24:47
FIEMIND,INE737H01014,27-03-2025,NSE,EQ,EQ,sell,FALSE,7,"1,441.35",204912076,1.10E+15,2025-03-27T12:24:47
FIEMIND,INE737H01014,27-03-2025,NSE,EQ,EQ,sell,FALSE,1,"1,441.25",204912077,1.10E+15,2025-03-27T12:24:47
FIEMIND,INE737H01014,27-03-2025,NSE,EQ,EQ,sell,FALSE,1,"1,441.25",204912078,1.10E+15,2025-03-27T12:24:47
FIEMIND,INE737H01014,27-03-2025,NSE,EQ,EQ,sell,FALSE,2,"1,441.25",204912079,1.10E+15,2025-03-27T12:24:47
FIEMIND,INE737H01014,27-03-2025,NSE,EQ,EQ,sell,FALSE,1,"1,441.25",204912080,1.10E+15,2025-03-27T12:24:47
FIEMIND,INE737H01014,27-03-2025,NSE,EQ,EQ,sell,FALSE,3,"1,441.20",204912081,1.10E+15,2025-03-27T12:24:47
FIEMIND,INE737H01014,27-03-2025,NSE,EQ,EQ,sell,FALSE,1,"1,441.15",204912082,1.10E+15,2025-03-27T12:24:47
FIEMIND,INE737H01014,27-03-2025,NSE,EQ,EQ,sell,FALSE,1,"1,441.10",204912083,1.10E+15,2025-03-27T12:24:47
FIEMIND,INE737H01014,27-03-2025,NSE,EQ,EQ,sell,FALSE,10,"1,441.05",204912084,1.10E+15,2025-03-27T12:24:47
FIEMIND,INE737H01014,27-03-2025,NSE,EQ,EQ,sell,FALSE,2,"1,442",204912060,1.10E+15,2025-03-27T12:24:47
FIEMIND,INE737H01014,27-03-2025,NSE,EQ,EQ,sell,FALSE,1,"1,441.85",204912062,1.10E+15,2025-03-27T12:24:47
FIEMIND,INE737H01014,27-03-2025,NSE,EQ,EQ,sell,FALSE,2,"1,441.80",204912063,1.10E+15,2025-03-27T12:24:47
FIEMIND,INE737H01014,27-03-2025,NSE,EQ,EQ,sell,FALSE,9,"1,441.60",204912064,1.10E+15,2025-03-27T12:24:47
FIEMIND,INE737H01014,27-03-2025,NSE,EQ,EQ,sell,FALSE,1,"1,441.55",204912065,1.10E+15,2025-03-27T12:24:47
FIEMIND,INE737H01014,27-03-2025,NSE,EQ,EQ,sell,FALSE,5,"1,441.55",204912066,1.10E+15,2025-03-27T12:24:47
FIEMIND,INE737H01014,27-03-2025,NSE,EQ,EQ,sell,FALSE,1,"1,441.50",204912067,1.10E+15,2025-03-27T12:24:47
FIEMIND,INE737H01014,27-03-2025,NSE,EQ,EQ,sell,FALSE,1,"1,442",204912057,1.10E+15,2025-03-27T12:24:47
FIEMIND,INE737H01014,27-03-2025,NSE,EQ,EQ,sell,FALSE,1,"1,442",204912058,1.10E+15,2025-03-27T12:24:47
FIEMIND,INE737H01014,27-03-2025,NSE,EQ,EQ,sell,FALSE,1,"1,442",204912059,1.10E+15,2025-03-27T12:24:47
FIEMIND,INE737H01014,27-03-2025,NSE,EQ,EQ,sell,FALSE,7,"1,441.95",204912061,1.10E+15,2025-03-27T12:24:47
FIEMIND,INE737H01014,27-03-2025,NSE,EQ,EQ,sell,FALSE,3,"1,442.65",204912051,1.10E+15,2025-03-27T12:24:47
FIEMIND,INE737H01014,27-03-2025,NSE,EQ,EQ,sell,FALSE,12,"1,442.65",204912052,1.10E+15,2025-03-27T12:24:47
FIEMIND,INE737H01014,27-03-2025,NSE,EQ,EQ,sell,FALSE,1,"1,442.60",204912053,1.10E+15,2025-03-27T12:24:47
FIEMIND,INE737H01014,27-03-2025,NSE,EQ,EQ,sell,FALSE,1,"1,442.15",204912054,1.10E+15,2025-03-27T12:24:47
FIEMIND,INE737H01014,27-03-2025,NSE,EQ,EQ,sell,FALSE,2,"1,442.10",204912055,1.10E+15,2025-03-27T12:24:47
FIEMIND,INE737H01014,27-03-2025,NSE,EQ,EQ,sell,FALSE,1,"1,442",204912056,1.10E+15,2025-03-27T12:24:47
AJANTPHARM,INE031B01049,27-03-2025,NSE,EQ,EQ,sell,FALSE,3,"2,628.75",4235865,1.00E+15,2025-03-27T12:24:56
AJANTPHARM,INE031B01049,27-03-2025,NSE,EQ,EQ,sell,FALSE,20,"2,630",4235862,1.00E+15,2025-03-27T12:24:56
AJANTPHARM,INE031B01049,27-03-2025,NSE,EQ,EQ,sell,FALSE,1,"2,629.90",4235863,1.00E+15,2025-03-27T12:24:56
AJANTPHARM,INE031B01049,27-03-2025,NSE,EQ,EQ,sell,FALSE,6,"2,629.05",4235864,1.00E+15,2025-03-27T12:24:56
NTPC,INE733E01010,27-03-2025,NSE,EQ,EQ,sell,FALSE,45,355.85,405435556,1.20E+15,2025-03-27T12:27:59
NTPC,INE733E01010,27-03-2025,NSE,EQ,EQ,sell,FALSE,119,355.85,405435560,1.20E+15,2025-03-27T12:27:59
NTPC,INE733E01010,27-03-2025,NSE,EQ,EQ,sell,FALSE,112,355.85,405435559,1.20E+15,2025-03-27T12:27:59
NTPC,INE733E01010,27-03-2025,NSE,EQ,EQ,sell,FALSE,56,355.85,405435558,1.20E+15,2025-03-27T12:27:59
NTPC,INE733E01010,27-03-2025,NSE,EQ,EQ,sell,FALSE,31,355.85,405435557,1.20E+15,2025-03-27T12:27:59
GRANULES,INE101D01020,27-03-2025,BSE,EQ,A,sell,FALSE,1,476.1,8550100,1.74E+18,2025-03-27T12:28:04
GRANULES,INE101D01020,27-03-2025,BSE,EQ,A,sell,FALSE,1,476.15,8549900,1.74E+18,2025-03-27T12:28:04
GRANULES,INE101D01020,27-03-2025,BSE,EQ,A,sell,FALSE,2,476.2,8549700,1.74E+18,2025-03-27T12:28:04
GRANULES,INE101D01020,27-03-2025,BSE,EQ,A,sell,FALSE,1,476.25,8549400,1.74E+18,2025-03-27T12:28:04
GRANULES,INE101D01020,27-03-2025,BSE,EQ,A,sell,FALSE,163,476,8550500,1.74E+18,2025-03-27T12:28:04
HINDZINC,INE267A01025,27-03-2025,NSE,EQ,EQ,sell,FALSE,20,441.1,204971768,1.10E+15,2025-03-27T12:28:13
HINDZINC,INE267A01025,27-03-2025,NSE,EQ,EQ,sell,FALSE,4,441.15,204971767,1.10E+15,2025-03-27T12:28:13
HINDZINC,INE267A01025,27-03-2025,NSE,EQ,EQ,sell,FALSE,1,441.15,204971766,1.10E+15,2025-03-27T12:28:13
HINDZINC,INE267A01025,27-03-2025,NSE,EQ,EQ,sell,FALSE,1,441.15,204971765,1.10E+15,2025-03-27T12:28:13
HINDZINC,INE267A01025,27-03-2025,NSE,EQ,EQ,sell,FALSE,3,441.05,204971779,1.10E+15,2025-03-27T12:28:13
HINDZINC,INE267A01025,27-03-2025,NSE,EQ,EQ,sell,FALSE,3,441.05,204971778,1.10E+15,2025-03-27T12:28:13
HINDZINC,INE267A01025,27-03-2025,NSE,EQ,EQ,sell,FALSE,5,441.1,204971777,1.10E+15,2025-03-27T12:28:13
HINDZINC,INE267A01025,27-03-2025,NSE,EQ,EQ,sell,FALSE,16,441.1,204971776,1.10E+15,2025-03-27T12:28:13
HINDZINC,INE267A01025,27-03-2025,NSE,EQ,EQ,sell,FALSE,7,441.1,204971775,1.10E+15,2025-03-27T12:28:13
HINDZINC,INE267A01025,27-03-2025,NSE,EQ,EQ,sell,FALSE,20,441.1,204971774,1.10E+15,2025-03-27T12:28:13
HINDZINC,INE267A01025,27-03-2025,NSE,EQ,EQ,sell,FALSE,1,441.15,204971764,1.10E+15,2025-03-27T12:28:13
HINDZINC,INE267A01025,27-03-2025,NSE,EQ,EQ,sell,FALSE,7,441.1,204971773,1.10E+15,2025-03-27T12:28:13
HINDZINC,INE267A01025,27-03-2025,NSE,EQ,EQ,sell,FALSE,7,441.1,204971769,1.10E+15,2025-03-27T12:28:13
HINDZINC,INE267A01025,27-03-2025,NSE,EQ,EQ,sell,FALSE,20,441.1,204971770,1.10E+15,2025-03-27T12:28:13
HINDZINC,INE267A01025,27-03-2025,NSE,EQ,EQ,sell,FALSE,7,441.1,204971771,1.10E+15,2025-03-27T12:28:13
HINDZINC,INE267A01025,27-03-2025,NSE,EQ,EQ,sell,FALSE,20,441.1,204971772,1.10E+15,2025-03-27T12:28:13
HINDZINC,INE267A01025,27-03-2025,NSE,EQ,EQ,sell,FALSE,1,441.15,204971760,1.10E+15,2025-03-27T12:28:13
HINDZINC,INE267A01025,27-03-2025,NSE,EQ,EQ,sell,FALSE,16,441.2,204971751,1.10E+15,2025-03-27T12:28:13
HINDZINC,INE267A01025,27-03-2025,NSE,EQ,EQ,sell,FALSE,12,441.2,204971752,1.10E+15,2025-03-27T12:28:13
HINDZINC,INE267A01025,27-03-2025,NSE,EQ,EQ,sell,FALSE,1,441.15,204971753,1.10E+15,2025-03-27T12:28:13
HINDZINC,INE267A01025,27-03-2025,NSE,EQ,EQ,sell,FALSE,16,441.15,204971754,1.10E+15,2025-03-27T12:28:13
HINDZINC,INE267A01025,27-03-2025,NSE,EQ,EQ,sell,FALSE,1,441.15,204971755,1.10E+15,2025-03-27T12:28:13
HINDZINC,INE267A01025,27-03-2025,NSE,EQ,EQ,sell,FALSE,1,441.15,204971756,1.10E+15,2025-03-27T12:28:13
HINDZINC,INE267A01025,27-03-2025,NSE,EQ,EQ,sell,FALSE,1,441.15,204971757,1.10E+15,2025-03-27T12:28:13
HINDZINC,INE267A01025,27-03-2025,NSE,EQ,EQ,sell,FALSE,1,441.15,204971758,1.10E+15,2025-03-27T12:28:13
HINDZINC,INE267A01025,27-03-2025,NSE,EQ,EQ,sell,FALSE,1,441.15,204971759,1.10E+15,2025-03-27T12:28:13
HINDZINC,INE267A01025,27-03-2025,NSE,EQ,EQ,sell,FALSE,1,441.15,204971761,1.10E+15,2025-03-27T12:28:13
HINDZINC,INE267A01025,27-03-2025,NSE,EQ,EQ,sell,FALSE,1,441.15,204971762,1.10E+15,2025-03-27T12:28:13
HINDZINC,INE267A01025,27-03-2025,NSE,EQ,EQ,sell,FALSE,1,441.15,204971763,1.10E+15,2025-03-27T12:28:13
TIINDIA,INE974X01010,27-03-2025,NSE,EQ,EQ,sell,FALSE,1,"2,722.80",605176709,1.30E+15,2025-03-27T12:28:27
TIINDIA,INE974X01010,27-03-2025,NSE,EQ,EQ,sell,FALSE,1,"2,722.90",605176707,1.30E+15,2025-03-27T12:28:27
TIINDIA,INE974X01010,27-03-2025,NSE,EQ,EQ,sell,FALSE,2,"2,722.85",605176708,1.30E+15,2025-03-27T12:28:27
TIINDIA,INE974X01010,27-03-2025,NSE,EQ,EQ,sell,FALSE,7,"2,722.90",605176706,1.30E+15,2025-03-27T12:28:27
TIINDIA,INE974X01010,27-03-2025,NSE,EQ,EQ,sell,FALSE,19,"2,722.70",605176711,1.30E+15,2025-03-27T12:28:27
TIINDIA,INE974X01010,27-03-2025,NSE,EQ,EQ,sell,FALSE,1,"2,722.75",605176710,1.30E+15,2025-03-27T12:28:27
GULFOILLUB,INE635Q01029,27-03-2025,NSE,EQ,EQ,sell,FALSE,1,"1,164.85",204976761,1.10E+15,2025-03-27T12:28:34
GULFOILLUB,INE635Q01029,27-03-2025,NSE,EQ,EQ,sell,FALSE,1,"1,165.15",204976737,1.10E+15,2025-03-27T12:28:34
GULFOILLUB,INE635Q01029,27-03-2025,NSE,EQ,EQ,sell,FALSE,3,"1,165.15",204976738,1.10E+15,2025-03-27T12:28:34
GULFOILLUB,INE635Q01029,27-03-2025,NSE,EQ,EQ,sell,FALSE,1,"1,165.15",204976739,1.10E+15,2025-03-27T12:28:34
GULFOILLUB,INE635Q01029,27-03-2025,NSE,EQ,EQ,sell,FALSE,4,"1,165.15",204976740,1.10E+15,2025-03-27T12:28:34
GULFOILLUB,INE635Q01029,27-03-2025,NSE,EQ,EQ,sell,FALSE,2,"1,165.15",204976741,1.10E+15,2025-03-27T12:28:34
GULFOILLUB,INE635Q01029,27-03-2025,NSE,EQ,EQ,sell,FALSE,1,"1,165.15",204976742,1.10E+15,2025-03-27T12:28:34
GULFOILLUB,INE635Q01029,27-03-2025,NSE,EQ,EQ,sell,FALSE,1,"1,165.15",204976743,1.10E+15,2025-03-27T12:28:34
GULFOILLUB,INE635Q01029,27-03-2025,NSE,EQ,EQ,sell,FALSE,1,"1,165.15",204976744,1.10E+15,2025-03-27T12:28:34
GULFOILLUB,INE635Q01029,27-03-2025,NSE,EQ,EQ,sell,FALSE,1,"1,165.15",204976745,1.10E+15,2025-03-27T12:28:34
GULFOILLUB,INE635Q01029,27-03-2025,NSE,EQ,EQ,sell,FALSE,1,"1,165.15",204976746,1.10E+15,2025-03-27T12:28:34
GULFOILLUB,INE635Q01029,27-03-2025,NSE,EQ,EQ,sell,FALSE,1,"1,165.15",204976747,1.10E+15,2025-03-27T12:28:34
GULFOILLUB,INE635Q01029,27-03-2025,NSE,EQ,EQ,sell,FALSE,1,"1,165.15",204976748,1.10E+15,2025-03-27T12:28:34
GULFOILLUB,INE635Q01029,27-03-2025,NSE,EQ,EQ,sell,FALSE,1,"1,165.15",204976749,1.10E+15,2025-03-27T12:28:34
GULFOILLUB,INE635Q01029,27-03-2025,NSE,EQ,EQ,sell,FALSE,1,"1,165.15",204976750,1.10E+15,2025-03-27T12:28:34
GULFOILLUB,INE635Q01029,27-03-2025,NSE,EQ,EQ,sell,FALSE,1,"1,165.15",204976751,1.10E+15,2025-03-27T12:28:34
GULFOILLUB,INE635Q01029,27-03-2025,NSE,EQ,EQ,sell,FALSE,1,"1,165.15",204976752,1.10E+15,2025-03-27T12:28:34
GULFOILLUB,INE635Q01029,27-03-2025,NSE,EQ,EQ,sell,FALSE,1,"1,165.15",204976753,1.10E+15,2025-03-27T12:28:34
GULFOILLUB,INE635Q01029,27-03-2025,NSE,EQ,EQ,sell,FALSE,1,"1,165.15",204976754,1.10E+15,2025-03-27T12:28:34
GULFOILLUB,INE635Q01029,27-03-2025,NSE,EQ,EQ,sell,FALSE,1,"1,165.15",204976755,1.10E+15,2025-03-27T12:28:34
GULFOILLUB,INE635Q01029,27-03-2025,NSE,EQ,EQ,sell,FALSE,1,"1,165.15",204976756,1.10E+15,2025-03-27T12:28:34
GULFOILLUB,INE635Q01029,27-03-2025,NSE,EQ,EQ,sell,FALSE,1,"1,165.15",204976757,1.10E+15,2025-03-27T12:28:34
GULFOILLUB,INE635Q01029,27-03-2025,NSE,EQ,EQ,sell,FALSE,1,"1,165.15",204976758,1.10E+15,2025-03-27T12:28:34
GULFOILLUB,INE635Q01029,27-03-2025,NSE,EQ,EQ,sell,FALSE,1,"1,165.15",204976759,1.10E+15,2025-03-27T12:28:34
GULFOILLUB,INE635Q01029,27-03-2025,NSE,EQ,EQ,sell,FALSE,6,"1,165.10",204976760,1.10E+15,2025-03-27T12:28:34
GULFOILLUB,INE635Q01029,27-03-2025,NSE,EQ,EQ,sell,FALSE,1,"1,164.75",204976762,1.10E+15,2025-03-27T12:28:34
GULFOILLUB,INE635Q01029,27-03-2025,NSE,EQ,EQ,sell,FALSE,1,"1,164.75",204976763,1.10E+15,2025-03-27T12:28:34
GULFOILLUB,INE635Q01029,27-03-2025,NSE,EQ,EQ,sell,FALSE,1,"1,164.75",204976764,1.10E+15,2025-03-27T12:28:34
GULFOILLUB,INE635Q01029,27-03-2025,NSE,EQ,EQ,sell,FALSE,2,"1,164.75",204976765,1.10E+15,2025-03-27T12:28:34
GULFOILLUB,INE635Q01029,27-03-2025,NSE,EQ,EQ,sell,FALSE,2,"1,164.75",204976766,1.10E+15,2025-03-27T12:28:34
GULFOILLUB,INE635Q01029,27-03-2025,NSE,EQ,EQ,sell,FALSE,1,"1,164.75",204976767,1.10E+15,2025-03-27T12:28:34
GULFOILLUB,INE635Q01029,27-03-2025,NSE,EQ,EQ,sell,FALSE,2,"1,164.75",204976768,1.10E+15,2025-03-27T12:28:34
GULFOILLUB,INE635Q01029,27-03-2025,NSE,EQ,EQ,sell,FALSE,2,"1,164.70",204976769,1.10E+15,2025-03-27T12:28:34
GULFOILLUB,INE635Q01029,27-03-2025,NSE,EQ,EQ,sell,FALSE,5,"1,164.60",204976770,1.10E+15,2025-03-27T12:28:34
GULFOILLUB,INE635Q01029,27-03-2025,NSE,EQ,EQ,sell,FALSE,1,"1,164.55",204976771,1.10E+15,2025-03-27T12:28:34
GULFOILLUB,INE635Q01029,27-03-2025,NSE,EQ,EQ,sell,FALSE,5,"1,164.45",204976772,1.10E+15,2025-03-27T12:28:34
GULFOILLUB,INE635Q01029,27-03-2025,NSE,EQ,EQ,sell,FALSE,1,"1,164.40",204976773,1.10E+15,2025-03-27T12:28:34
GULFOILLUB,INE635Q01029,27-03-2025,NSE,EQ,EQ,sell,FALSE,2,"1,164.35",204976774,1.10E+15,2025-03-27T12:28:34
GULFOILLUB,INE635Q01029,27-03-2025,NSE,EQ,EQ,sell,FALSE,2,"1,164.35",204976775,1.10E+15,2025-03-27T12:28:34
GULFOILLUB,INE635Q01029,27-03-2025,NSE,EQ,EQ,sell,FALSE,1,"1,164.20",204976780,1.10E+15,2025-03-27T12:28:34
GULFOILLUB,INE635Q01029,27-03-2025,NSE,EQ,EQ,sell,FALSE,1,"1,164.20",204976779,1.10E+15,2025-03-27T12:28:34
GULFOILLUB,INE635Q01029,27-03-2025,NSE,EQ,EQ,sell,FALSE,2,"1,164.20",204976778,1.10E+15,2025-03-27T12:28:34
GULFOILLUB,INE635Q01029,27-03-2025,NSE,EQ,EQ,sell,FALSE,1,"1,164.20",204976777,1.10E+15,2025-03-27T12:28:34
GULFOILLUB,INE635Q01029,27-03-2025,NSE,EQ,EQ,sell,FALSE,9,"1,164.25",204976776,1.10E+15,2025-03-27T12:28:34
M&M,INE101A01026,27-03-2025,BSE,EQ,A,sell,FALSE,48,"2,730",5251100,1.74E+18,2025-03-27T12:28:58
KEC,INE389H01022,27-03-2025,NSE,EQ,EQ,sell,FALSE,120,807.4,411397369,1.20E+15,2025-03-27T15:20:31
KEC,INE389H01022,27-03-2025,NSE,EQ,EQ,sell,FALSE,3,807.35,411397370,1.20E+15,2025-03-27T15:20:31
KEC,INE389H01022,27-03-2025,NSE,EQ,EQ,sell,FALSE,3,807.35,411397371,1.20E+15,2025-03-27T15:20:31
JSL,INE220G01021,27-03-2025,NSE,EQ,EQ,sell,FALSE,11,582.1,411394755,1.20E+15,2025-03-27T15:20:31
SHARDAMOTR,INE597I01028,27-03-2025,NSE,EQ,EQ,sell,FALSE,4,"1,576",610779354,1.30E+15,2025-03-27T15:20:31
SHARDAMOTR,INE597I01028,27-03-2025,NSE,EQ,EQ,sell,FALSE,5,"1,576",610779355,1.30E+15,2025-03-27T15:20:31
SHARDAMOTR,INE597I01028,27-03-2025,NSE,EQ,EQ,sell,FALSE,4,"1,575.95",610779356,1.30E+15,2025-03-27T15:20:31
SHARDAMOTR,INE597I01028,27-03-2025,NSE,EQ,EQ,sell,FALSE,27,"1,575.95",610779357,1.30E+15,2025-03-27T15:20:31
SHARDAMOTR,INE597I01028,27-03-2025,NSE,EQ,EQ,sell,FALSE,2,"1,575.95",610779358,1.30E+15,2025-03-27T15:20:31
SHARDAMOTR,INE597I01028,27-03-2025,NSE,EQ,EQ,sell,FALSE,9,"1,575.90",610779359,1.30E+15,2025-03-27T15:20:31
SHARDAMOTR,INE597I01028,27-03-2025,NSE,EQ,EQ,sell,FALSE,5,"1,575.90",610779360,1.30E+15,2025-03-27T15:20:31
SHARDAMOTR,INE597I01028,27-03-2025,NSE,EQ,EQ,sell,FALSE,24,"1,575.90",610779361,1.30E+15,2025-03-27T15:20:31
SHARDAMOTR,INE597I01028,27-03-2025,NSE,EQ,EQ,sell,FALSE,6,"1,575.85",610779362,1.30E+15,2025-03-27T15:20:31
SJVN,INE002L01015,27-03-2025,NSE,EQ,EQ,sell,FALSE,12,92.37,610779389,1.30E+15,2025-03-27T15:20:31
SJVN,INE002L01015,27-03-2025,NSE,EQ,EQ,sell,FALSE,149,92.37,610779390,1.30E+15,2025-03-27T15:20:31
SJVN,INE002L01015,27-03-2025,NSE,EQ,EQ,sell,FALSE,182,92.36,610779391,1.30E+15,2025-03-27T15:20:31
SJVN,INE002L01015,27-03-2025,NSE,EQ,EQ,sell,FALSE,127,92.36,610779392,1.30E+15,2025-03-27T15:20:31
SJVN,INE002L01015,27-03-2025,NSE,EQ,EQ,sell,FALSE,182,92.36,610779393,1.30E+15,2025-03-27T15:20:31
SJVN,INE002L01015,27-03-2025,NSE,EQ,EQ,sell,FALSE,127,92.36,610779394,1.30E+15,2025-03-27T15:20:31
SJVN,INE002L01015,27-03-2025,NSE,EQ,EQ,sell,FALSE,182,92.36,610779395,1.30E+15,2025-03-27T15:20:31
SJVN,INE002L01015,27-03-2025,NSE,EQ,EQ,sell,FALSE,127,92.36,610779396,1.30E+15,2025-03-27T15:20:31
SJVN,INE002L01015,27-03-2025,NSE,EQ,EQ,sell,FALSE,182,92.36,610779397,1.30E+15,2025-03-27T15:20:31
SJVN,INE002L01015,27-03-2025,NSE,EQ,EQ,sell,FALSE,127,92.36,610779398,1.30E+15,2025-03-27T15:20:31
SJVN,INE002L01015,27-03-2025,NSE,EQ,EQ,sell,FALSE,3,92.36,610779399,1.30E+15,2025-03-27T15:20:31
JSL,INE220G01021,27-03-2025,NSE,EQ,EQ,sell,FALSE,70,582.1,411394754,1.20E+15,2025-03-27T15:20:31
JSL,INE220G01021,27-03-2025,NSE,EQ,EQ,sell,FALSE,11,582.05,411394756,1.20E+15,2025-03-27T15:20:31
JSL,INE220G01021,27-03-2025,NSE,EQ,EQ,sell,FALSE,17,582.05,411394757,1.20E+15,2025-03-27T15:20:31
JSL,INE220G01021,27-03-2025,NSE,EQ,EQ,sell,FALSE,128,582.05,411394758,1.20E+15,2025-03-27T15:20:31
JSL,INE220G01021,27-03-2025,NSE,EQ,EQ,sell,FALSE,9,582.05,411394759,1.20E+15,2025-03-27T15:20:31
JSL,INE220G01021,27-03-2025,NSE,EQ,EQ,sell,FALSE,87,582.05,411394760,1.20E+15,2025-03-27T15:20:31
JSL,INE220G01021,27-03-2025,NSE,EQ,EQ,sell,FALSE,59,582.05,411394761,1.20E+15,2025-03-27T15:20:31
JSL,INE220G01021,27-03-2025,NSE,EQ,EQ,sell,FALSE,16,582.05,411394762,1.20E+15,2025-03-27T15:20:31
JSL,INE220G01021,27-03-2025,NSE,EQ,EQ,sell,FALSE,8,582.05,411394763,1.20E+15,2025-03-27T15:20:31
JSL,INE220G01021,27-03-2025,NSE,EQ,EQ,sell,FALSE,75,582.05,411394764,1.20E+15,2025-03-27T15:20:31
JSL,INE220G01021,27-03-2025,NSE,EQ,EQ,sell,FALSE,1,582,411394765,1.20E+15,2025-03-27T15:20:31
JSL,INE220G01021,27-03-2025,NSE,EQ,EQ,sell,FALSE,10,582,411394766,1.20E+15,2025-03-27T15:20:31
JSL,INE220G01021,27-03-2025,NSE,EQ,EQ,sell,FALSE,60,582,411394767,1.20E+15,2025-03-27T15:20:31
PRESTIGE,INE811K01011,27-03-2025,NSE,EQ,EQ,sell,FALSE,32,"1,204.10",411397333,1.20E+15,2025-03-27T15:20:31
PRESTIGE,INE811K01011,27-03-2025,NSE,EQ,EQ,sell,FALSE,41,"1,203.55",411397334,1.20E+15,2025-03-27T15:20:31
PRESTIGE,INE811K01011,27-03-2025,NSE,EQ,EQ,sell,FALSE,7,"1,203.50",411397335,1.20E+15,2025-03-27T15:20:31
PRESTIGE,INE811K01011,27-03-2025,NSE,EQ,EQ,sell,FALSE,48,"1,203.50",411397336,1.20E+15,2025-03-27T15:20:31
KEC,INE389H01022,27-03-2025,NSE,EQ,EQ,sell,FALSE,16,807.45,411397363,1.20E+15,2025-03-27T15:20:31
KEC,INE389H01022,27-03-2025,NSE,EQ,EQ,sell,FALSE,7,807.45,411397364,1.20E+15,2025-03-27T15:20:31
KEC,INE389H01022,27-03-2025,NSE,EQ,EQ,sell,FALSE,3,807.45,411397365,1.20E+15,2025-03-27T15:20:31
KEC,INE389H01022,27-03-2025,NSE,EQ,EQ,sell,FALSE,12,807.45,411397366,1.20E+15,2025-03-27T15:20:31
KEC,INE389H01022,27-03-2025,NSE,EQ,EQ,sell,FALSE,8,807.45,411397367,1.20E+15,2025-03-27T15:20:31
KEC,INE389H01022,27-03-2025,NSE,EQ,EQ,sell,FALSE,16,807.4,411397368,1.20E+15,2025-03-27T15:20:31
FACT,INE188A01015,27-03-2025,NSE,EQ,EQ,sell,FALSE,1,649.9,210830601,1.10E+15,2025-03-27T15:20:31
FACT,INE188A01015,27-03-2025,NSE,EQ,EQ,sell,FALSE,10,649.85,210830602,1.10E+15,2025-03-27T15:20:31
FACT,INE188A01015,27-03-2025,NSE,EQ,EQ,sell,FALSE,36,649.55,210830603,1.10E+15,2025-03-27T15:20:31
FACT,INE188A01015,27-03-2025,NSE,EQ,EQ,sell,FALSE,37,649.5,210830604,1.10E+15,2025-03-27T15:20:31
FACT,INE188A01015,27-03-2025,NSE,EQ,EQ,sell,FALSE,4,649.35,210830605,1.10E+15,2025-03-27T15:20:31
FACT,INE188A01015,27-03-2025,NSE,EQ,EQ,sell,FALSE,3,649.35,210830606,1.10E+15,2025-03-27T15:20:31
FACT,INE188A01015,27-03-2025,NSE,EQ,EQ,sell,FALSE,2,649.35,210830607,1.10E+15,2025-03-27T15:20:31
FACT,INE188A01015,27-03-2025,NSE,EQ,EQ,sell,FALSE,4,649.35,210830608,1.10E+15,2025-03-27T15:20:31
FACT,INE188A01015,27-03-2025,NSE,EQ,EQ,sell,FALSE,3,649.35,210830609,1.10E+15,2025-03-27T15:20:31
FACT,INE188A01015,27-03-2025,NSE,EQ,EQ,sell,FALSE,2,649.35,210830610,1.10E+15,2025-03-27T15:20:31
FACT,INE188A01015,27-03-2025,NSE,EQ,EQ,sell,FALSE,4,649.35,210830611,1.10E+15,2025-03-27T15:20:31
FACT,INE188A01015,27-03-2025,NSE,EQ,EQ,sell,FALSE,3,649.35,210830612,1.10E+15,2025-03-27T15:20:31
FACT,INE188A01015,27-03-2025,NSE,EQ,EQ,sell,FALSE,2,649.35,210830613,1.10E+15,2025-03-27T15:20:31
FACT,INE188A01015,27-03-2025,NSE,EQ,EQ,sell,FALSE,4,649.35,210830614,1.10E+15,2025-03-27T15:20:31
FACT,INE188A01015,27-03-2025,NSE,EQ,EQ,sell,FALSE,3,649.35,210830615,1.10E+15,2025-03-27T15:20:31
FACT,INE188A01015,27-03-2025,NSE,EQ,EQ,sell,FALSE,4,649.35,210830616,1.10E+15,2025-03-27T15:20:31
FACT,INE188A01015,27-03-2025,NSE,EQ,EQ,sell,FALSE,1,649.35,210830617,1.10E+15,2025-03-27T15:20:31
FACT,INE188A01015,27-03-2025,NSE,EQ,EQ,sell,FALSE,16,649.35,210830618,1.10E+15,2025-03-27T15:20:31
FACT,INE188A01015,27-03-2025,NSE,EQ,EQ,sell,FALSE,138,649.2,210830619,1.10E+15,2025-03-27T15:20:31
FACT,INE188A01015,27-03-2025,NSE,EQ,EQ,sell,FALSE,69,649.15,210830620,1.10E+15,2025-03-27T15:20:31
FACT,INE188A01015,27-03-2025,NSE,EQ,EQ,sell,FALSE,20,649.05,210830621,1.10E+15,2025-03-27T15:20:31
IRB,INE821I01022,27-03-2025,NSE,EQ,EQ,sell,FALSE,936,46.18,210831847,1.10E+15,2025-03-27T15:20:31
IRB,INE821I01022,27-03-2025,NSE,EQ,EQ,sell,FALSE,954,46.18,210831848,1.10E+15,2025-03-27T15:20:31
IRB,INE821I01022,27-03-2025,NSE,EQ,EQ,sell,FALSE,27,46.18,210831849,1.10E+15,2025-03-27T15:20:31
IRB,INE821I01022,27-03-2025,NSE,EQ,EQ,sell,FALSE,904,46.18,210831850,1.10E+15,2025-03-27T15:20:31
IRB,INE821I01022,27-03-2025,NSE,EQ,EQ,sell,FALSE,121,46.17,210831851,1.10E+15,2025-03-27T15:20:31
